2460 3862
373 139 509 195 clusos
528 140 575 194 ΕΤ
593 139 715 195 GURAE
733 139 801 196 LIB.
819 140 854 194 H.
1053 144 1115 205 103

94 325 202 402 guttae
230 323 357 383 effluunt
378 327 415 383 ut
436 325 561 400 rivulus,
585 324 657 400 quia
671 343 724 400 per
738 343 813 400 opus
827 324 886 384 riri
900 325 1066 399 solvuntur,
1089 328 1118 383 61

93 413 166 473 1166
188 416 225 472 ut
246 413 362 474 rivulus
384 416 462 488 sunt,
486 414 626 490 quoniam
649 432 739 472 venae
761 415 793 472 in
816 433 903 491 opere
926 414 978 473 illo
1002 414 1117 472 solutae

95 505 179 564 sunt.
218 500 293 561 (lum
317 503 396 562 enim
418 503 582 562 claustrum
604 502 786 579 integritatis
809 503 841 560 in
862 503 979 580 virgine
1002 503 1115 579 rumpi-

94 594 159 667 tur,
181 591 283 667 ruptio
305 591 357 650 illa
378 593 552 668 sanguinem
575 591 694 652 emittit.
740 591 848 651 Mulier
870 593 949 651 enim
971 592 1013 651 sic
1031 592 1115 651 insti-

95 683 168 740 tuta
189 683 242 756 est,
267 681 347 758 quod
369 700 424 756 per
445 680 620 758 sanguinem
643 699 732 739 suum
754 699 852 740 semen
879 681 938 740 viri
965 682 1145 756 conciperef)

97 774 129 829 et
152 770 278 829 retinere
302 769 397 845 debet,
429 773 459 829 et
486 770 552 829 ideo
575 769 665 828 etiam
689 770 793 828 debilis
816 772 912 829 66161
946 769 1058 846 frigida
1088 775 1119 829 et
1200 776 1203 781 '

19 880 22 887 ⁴
96 858 237 918 humores
251 858 282 917 in
298 878 332 918 ea
345 858 464 922 infirmi.
496 858 581 917 Unde
596 858 686 918 etiam
700 858 766 934 ipsa
780 877 894 934 semper
909 858 1118 934 infirmaretur,

95 948 156 1008 nisi
179 947 260 1024 quod
281 948 402 1026 sanguis
424 948 488 1007 eius
510 967 564 1024 per
586 949 737 1006 menstrua
758 951 915 1025 purgatur,
938 951 974 1007 ut
989 947 1072 1007 cibus
1086 949 1118 1006 in

98 1038 160 1096 6116
181 1042 343 1114 purgatur,
365 1055 432 1096 oum
455 1056 591 1113 spumam
614 1035 649 1095 16
672 1055 703 1096 66
727 1037 805 1101 eicit.

165 1125 211 1185 Dc
239 1127 320 1186 Evae
350 1128 546 1200 corruptione.
593 1123 700 1184 Omnes
733 1129 832 1185 autem
864 1146 954 1186 venae
985 1126 1119 1184 mulieris
1132 1135 1160 1178 10

96 1216 233 1291 integrae
255 1217 286 1274 61
307 1234 394 1274 sanae
416 1215 658 1290 permansissent,
686 1215 712 1274 si
734 1215 797 1274 Eva
819 1216 850 1273 in
872 1217 961 1291 pleno
984 1219 1117 1292 tempore

97 1303 230 1381 paradisi
245 1305 430 1380 perstitisset.
474 1303 550 1364 Gnm
565 1304 644 1362 enim
659 1304 712 1362 illa
727 1308 892 1380 serpentem
913 1304 1119 1364 consentiendo

97 1395 124 1452 ei
157 1393 340 1469 inspexisset,
373 1393 453 1452 visus
483 1393 556 1469 eius,
588 1412 648 1469 quo
681 1394 816 1453 caelestia
847 1393 938 1466 vidit,
972 1393 1119 1453 extinctus

98 1485 156 1554 661,
188 1485 219 1541 61
242 1500 310 1541 cum
332 1501 401 1542 eum
423 1483 455 1540 in
482 1500 624 1542 consensu
654 1483 783 1559 audivit,
812 1482 932 1541 auditus
960 1483 1031 1549 eius,
1059 1501 1119 1559 quo

97 1571 235 1632 caelestia
243 1571 365 1642 audivit,
382 1570 537 1630 obstrusus
549 1573 602 1642 est,
618 1574 707 1648 atque
722 1572 754 1630 in
769 1574 861 1648 gustu
876 1572 957 1648 pomi
971 1572 1118 1647 splendor,
1133 1582 1160 1625 15

98 1661 153 1737 qui
185 1660 216 1718 in
246 1679 280 1720 66
309 1660 435 1731 lucebat,
471 1661 644 1720 obscuratus
679 1664 732 1725 661,
777 1659 819 1719 Ut
851 1663 951 1719 autem
974 1679 1079 1720 succus
1103 1681 1119 1717 6

97 1749 199 1809 radice
221 1749 334 1808 arboris
356 1749 462 1824 incipit
484 1752 515 1808 61
537 1749 581 1807 116
602 1767 722 1808 sursum
744 1749 781 1808 ad
804 1769 904 1809 omnes
934 1751 1118 1809 ramusculos

97 1837 211 1898 arboris
241 1839 345 1914 tendit,
376 1838 418 1898 sic
450 1841 494 1897 est
524 1838 555 1897 in
585 1839 710 1898 muliere
741 1839 772 1897 in
802 1842 953 1898 menstruo
976 1843 1118 1913 tempore.

96 1927 175 1987 Nam
202 1927 234 1985 in
264 1931 398 2004 tempore
428 1927 596 1986 rivulorum
625 1928 777 2003 sanguinis
808 1929 872 1987 eius
903 1943 1010 2003 'venae,
1045 1948 1119 2004 quae

98 2015 254 2076 cerebrum
276 2017 428 2076 continent
449 2019 480 2076 61
502 2035 578 2092 quae
600 2018 699 2076 visum
722 2020 752 2076 et
767 2017 905 2075 auditum
919 2018 1057 2093 retinent,
1081 2017 1117 2076 61
1132 2028 1160 2072 so

98 2105 273 2166 effusionem
295 2105 448 2181 sanguinis
471 2106 692 2178 concutiuntur,
725 2109 755 2164 61
777 2125 876 2181 venae,
910 2126 985 2182 quae
1008 2108 1119 2166 collum

98 2198 130 2254 61
153 2195 275 2254 dorsum
290 2198 320 2252 61
335 2213 418 2253 renes
433 2197 542 2267 tenent,
565 2214 654 2255 venas
670 2214 789 2271 quoque
803 2194 909 2254 iecoris
927 2199 957 2254 61
971 2196 1119 2255 viscerum

97 2302 133 2343 ac
155 2282 289 2342 umbilici
312 2284 357 2342 ad.
372 2302 403 2342 se
425 2283 561 2360 trahunt,
595 2287 684 2360 atque
710 2303 906 2361 unaquaeque
929 2304 1003 2343 vena
1030 2303 1061 2343 se
1088 2285 1119 2342 in

97 2372 189 2431 aliam
210 2372 254 2431 ita
277 2373 410 2447 effundit,
438 2374 474 2430 ut
496 2373 578 2431 viror
600 2374 716 2433 arboris
743 2393 840 2433 ramos
867 2374 1011 2433 virescere
1038 2373 1118 2448 facit,

96 2465 129 2522 61
151 2480 251 2533 venae,
274 2480 350 2537 quas
371 2480 455 2520 renes
479 2462 636 2538 continent,
659 2465 757 2521 rotam
779 2463 862 2521 illam
885 2462 1060 2537 dissolvunt,
1087 2462 1119 2519 in
1132 2473 1159 2517 25

96 2569 190 2627 quam
211 2569 295 2609 renes
318 2550 517 2627 compaginati
541 2553 621 2622 sunt,
644 2554 674 2610 et
697 2571 762 2610 eam
785 2551 964 2610 contrahunt
979 2555 1010 2609 61
1024 2553 1115 2609 retra·

97 2640 193 2711 hunt,
230 2642 267 2698 ut
301 2658 416 2715 ungues
455 2639 580 2698 alicuius
619 2641 750 2700 aviculae
789 2639 894 2698 abscisi
933 2640 1015 2700 venis
1057 2640 1118 2698 suis

97 2726 315 2789 contrahuntur
337 2731 367 2787 61
388 2728 593 2792 remittuntur.

167 2817 266 2890 06666
284 2822 478 2876 menstruum.
517 2817 573 2876 Sed
597 2819 846 2894 quemadmodum
870 2818 988 2877 validus
1012 2821 1117 2878 ventus

96 2909 305 2982 tempestatem
326 2907 358 2965 in
380 2906 501 2966 flumine
521 2912 629 2982 movet,
652 2908 694 2967 sio
709 2908 798 2967 etiam
813 2908 844 2966 in
861 2907 998 2966 omnibus
1013 2907 1116 2967 humo·
1131 2919 1158 2964 30

95 2995 181 3054 ribus
204 2995 338 3054 mulieris
360 2998 520 3071 tempestas
538 2999 685 3072 movetur,
708 2998 751 3055 116
772 2996 853 3072 quod
873 2997 953 3056 idem
978 2998 1117 3057 humores

93 3084 250 3162 sanguinis
288 3085 528 3144 intermiscentur
562 3088 592 3144 61
627 3086 708 3162 quod
741 3086 929 3162 aliquantum
963 3086 1118 3163 sanguinei

95 3174 175 3233 fiunt
196 3178 227 3233 et
250 3173 331 3249 quod
353 3173 409 3233 hoc
430 3175 519 3233 modo
543 3193 610 3233 cum
633 3175 776 3251 sanguine
808 3177 984 3252 purgantur,
1017 3177 1047 3233 61
1076 3174 1117 3233 616

95 3263 132 3322 fit
164 3262 283 3324 rivulus
313 3263 466 3340 sanguinis
498 3264 530 3322 in
561 3264 694 3325 muliere.
740 3264 779 3323 Et
813 3264 879 3323 ideo
906 3266 979 3322 tuno
1006 3264 1036 3320 in
1064 3263 1116 3322 illo

97 3357 235 3428 tempore
258 3355 348 3428 caput
370 3353 503 3411 mulieris
525 3352 694 3412 infirmatur
716 3356 746 3412 61
773 3354 852 3412 oculi
880 3353 943 3411 eius
973 3353 1158 3428 languentes

96 3445 130 3501 61
151 3444 252 3502 totum
275 3440 339 3500 eius
361 3460 469 3517 corpus
492 3441 587 3501 debile
610 3445 663 3504 est.
708 3441 765 3501 Sed
787 3445 885 3500 tamen
909 3440 988 3500 oculi
1011 3459 1047 3499 ex
1060 3440 1118 3500 hoo

97 3550 160 3590 non
183 3530 321 3609 caligant,
349 3530 374 3589 si
401 3533 481 3591 recto
503 3534 637 3609 tempore
661 3535 692 3592 et
712 3534 796 3592 recta
815 3529 1024 3591 mederaticne
1039 3529 1133 3586 'ruem
