2460 3862
135 189 176 247 30
522 178 768 234 HILDEGARDIS

134 366 242 425 retinet
265 367 295 424 et
317 366 420 442 fruges
442 368 539 423 terrae
560 383 620 424 non
648 364 748 425 laedit.
793 363 883 440 Aqua
904 381 975 422 vero
1000 362 1063 422 eins
1085 364 1152 422 inn-

130 455 194 515 tilis
216 455 254 513 ad
276 473 348 514 usus
370 453 525 512 hominnm
555 457 600 513 est
628 457 658 513 et
685 455 774 513 etiarn
801 452 874 513 levis
896 456 941 511 est
963 456 994 511 et
1021 452 1154 526 sordida3

132 548 162 604 et
176 544 202 604 si
218 545 285 620 quis
309 563 375 603 eam
397 542 482 615 bibit,
505 544 606 602 ulcera
622 551 653 602 et
666 542 777 602 scabies
792 543 824 601 in
839 561 873 600 eo
889 542 1059 616 saepissime
1074 561 1151 601 cres·

131 636 211 709 cunt,
224 652 258 692 ao
269 633 381 693 viscera
392 633 455 691 eius
466 633 560 692 livore
572 632 744 709 implentur.
767 631 872 708 Aquae
888 631 967 690 enim
978 631 1152 706 pluviarum

102 725 251 798 spctatae
273 722 396 782 livorem
426 721 572 781 stomachi
600 722 736 782 acumine
765 739 820 780 suo
844 720 994 796 auferunt,
1016 721 1068 780 sed
1090 721 1150 780 vis·

129 831 196 871 cera
218 811 395 873 exulcerant.
425 810 482 870 Sed
507 830 601 886 aquae
624 811 738 870 nivium
761 813 881 885 potatae
904 810 985 868 sitim
1009 809 1046 868 ad
1069 809 1151 868 suffi-

129 901 267 960 cientiam
283 919 343 960 non
359 901 546 978 extinguunt,
563 901 644 975 quod
659 902 738 961 leves
753 901 823 958 sunt
838 901 868 958 et
883 900 941 958 cito
958 899 1152 975 digeruntur.

127 990 233 1067 Aquae
248 994 358 1062 antem,
374 1008 448 1066 quas
463 989 569 1049 scissae
584 990 677 1049 nubes
700 989 732 1047 in
754 988 846 1047 nimia
869 987 1008 1047 effusione
1030 991 1152 1064 repente

130 1079 281 1156 emittunt,
297 1083 327 1138 et
342 1079 455 1155 grando
471 1079 515 1138 ita
529 1079 712 1154 periculosae
728 1081 805 1154 suut,
823 1076 1073 1154 quemadmodum
1089 1077 1148 1135 fer-

88 1181 116 1226 10
129 1172 230 1228 ventes
253 1187 356 1245 aquae,
379 1168 411 1226 in
434 1168 542 1242 quibus
565 1172 645 1227 setae
666 1186 826 1244 porcorum
850 1169 880 1226 et
902 1168 997 1226 crines
1020 1167 1151 1225 aliorum

127 1276 268 1333 pecorum
292 1258 479 1330 auferuntur,
509 1257 625 1332 siquis
648 1276 696 1316 eas
723 1257 755 1315 iu
777 1257 843 1316 cibo
872 1255 978 1314 autin
1000 1258 1076 1330 potu
1098 1273 1150 1314 sn·

126 1349 228 1406 meret.
274 1345 349 1405 Nam
372 1346 397 1405 si
420 1347 528 1422 aliquis
543 1365 636 1422 aquas
650 1346 848 1406 scindentium
863 1345 990 1404 nubium
1012 1349 1043 1403 εὴ
1058 1363 1150 1420 aquas

127 1435 281 1512 grandinis
304 1436 428 1508 biberet,
457 1435 510 1494 diu
532 1436 746 1513 languesceret,
773 1438 803 1494 et
826 1453 893 1493 caro
918 1434 981 1493 eius
1004 1453 1058 1509 per
1081 1434 1149 1492 scis·

128 1543 213 1584 suras
235 1528 435 1600 rumperetur,
457 1526 500 1584 ita
524 1527 605 1600 quod
621 1526 710 1584 etiam
725 1524 815 1583 multi
831 1543 865 1582 ex
880 1525 938 1582 hoc
952 1527 1149 1586 morerentur.

89 1625 116 1671 15
198 1615 243 1673 De
275 1618 424 1673 terrarum
457 1615 582 1676 viribus.
639 1615 731 1673 Terra
761 1617 861 1672 autem
894 1613 1071 1671 naturaliter
1104 1617 1152 1672 est

128 1702 239 1779 frigida
262 1707 292 1762 εὴ
313 1706 425 1778 septem
449 1704 526 1764 vires
548 1704 645 1776 habet,
668 1704 711 1763 ita
734 1708 841 1773 tamen,
865 1702 945 1778 quod
967 1701 1150 1777 particulata

130 1792 162 1850 in
185 1795 295 1851 aestate
318 1792 430 1870 frigida
453 1795 506 1868 est,
529 1793 560 1851 in
583 1793 679 1853 bieme
703 1793 797 1852 calida
820 1793 873 1863 est,
896 1795 926 1850 et
948 1791 1029 1866 qnod
1044 1791 1148 1849 viridi-

130 1883 224 1940 tatem
247 1885 277 1941 et
300 1881 469 1941 ariditatem
493 1882 524 1940 in
546 1901 577 1941 se
595 1882 692 1958 babet,
717 1885 748 1940 et
763 1881 843 1957 quod
859 1881 993 1957 germina
1007 1880 1149 1955 producit

131 1975 161 2029 et
184 1971 322 2029 animalia
346 1972 482 2046 sustinet,
506 1974 536 2030 et
559 1971 641 2047 quod
663 1972 762 2031 omnia
784 1972 898 2046 portat3
922 1970 1000 2029 sicut
1023 1972 1053 2027 et
1075 1970 1149 2029 deus

85 2071 115 2116 ro
128 2060 160 2117 in
183 2079 233 2118 sex
255 2060 359 2119 diebus
382 2064 523 2136 operatus
546 2064 590 2120 est
617 2063 647 2119 et
674 2060 705 2118 in
733 2061 858 2135 septima
885 2058 1046 2135 requievit,
1078 2078 1149 2118 cum

126 2149 216 2208 etiam
247 2151 357 2225 omnia,
389 2169 464 2225 quae
496 2154 657 2225 creaverat,
688 2149 815 2208 utilitati
846 2148 973 2208 hominis
1003 2148 1140 2208 subiecit.

125 2238 366 2314 Terrarumque
393 2240 424 2297 in
453 2241 562 2298 aestate
590 2239 740 2298 subterius
770 2238 883 2315 frigida
914 2239 970 2310 est,
1002 2237 1144 2312 quoniam

126 2329 170 2387 sol
201 2347 254 2404 per
286 2329 365 2388 vires
395 2327 548 2387 radiorum
579 2347 703 2387 suorum
734 2330 807 2387 tuno
842 2327 953 2404 gignit,
988 2326 1020 2384 in
1050 2326 1149 2386 hieme

127 2420 227 2477 autem
251 2417 401 2476 subterius
424 2417 533 2492 calida,
558 2418 690 2492 alioquin
713 2418 751 2478 de
774 2416 885 2493 frigida
908 2415 1046 2474 ariditate
1069 2416 1145 2474 scin·

84 2515 113 2560 25
128 2507 261 2578 deretur;
294 2511 324 2566 et
346 2507 388 2567 sic
410 2507 442 2565 in
465 2507 560 2567 calore
582 2507 780 2582 viriditatem,
810 2506 843 2564 in
865 2504 1031 2581 frigiditate
1054 2505 1146 2563 aridi·

127 2598 219 2655 tatem
247 2596 384 2660 ostendit.
429 2595 505 2655 Nam
532 2596 564 2654 in
591 2596 687 2655 hieme
714 2596 759 2655 sol
787 2613 879 2670 snpra
902 2598 1012 2653 terram
1035 2593 1147 2653 sterilis

127 2688 172 2744 est
195 2688 224 2743 et
246 2685 301 2744 sub
324 2689 435 2744 terrem
459 2686 587 2746 calorem
609 2702 698 2744 suurn
721 2685 802 2762 figit,
830 2684 970 2759 quatinus
993 2686 1075 2741 terra
1100 2683 1143 2741 di·

127 2792 212 2832 versa
234 2775 368 2850 germina
391 2794 507 2834 servare
529 2775 634 2851 possit,
666 2778 697 2833 et
724 2774 766 2833 sic
792 2773 845 2832 illa
873 2791 926 2848 per
954 2773 1083 2832 calorem
1115 2776 1146 2831 et

128 2862 325 2938 frigiditatem
360 2867 465 2923 cuncta
499 2865 633 2940 germina
666 2864 794 2939 profert3
829 2862 881 2922 sed
916 2867 946 2921 et
980 2862 1082 2921 euntia
1116 2865 1147 2920 et

83 2952 276 3010 occurrentia
299 2952 438 3009 animalia
453 2953 587 3028 sustinet,
611 2972 648 3011 ne
663 2953 694 3011 in
709 2953 775 3028 ipsa
792 2951 1010 3028 demergantur,
1027 2951 1100 3026 quia
1116 2954 1148 3010 et

125 3042 161 3099 de
185 3040 281 3100 calore
304 3041 393 3099 etde
421 3041 588 3118 frigiditate
616 3042 755 3100 indurata
784 3043 829 3101 est
852 3045 882 3100 et
905 3041 947 3099 sio
970 3041 1070 3100 omnia
1094 3058 1145 3116 po·

123 3134 222 3189 tenter
244 3132 353 3206 portat.
387 3130 467 3189 Deus
491 3131 570 3189 enim
593 3132 635 3190 sic
654 3134 765 3189 terram
781 3130 892 3207 posuit,
915 3131 952 3187 ut
967 3129 1145 3206 congruenti

124 3224 258 3294 tempore
276 3220 457 3295 germinaret
479 3224 510 3279 et
533 3221 708 3296 congruenti
731 3239 851 3296 quoque
875 3223 1009 3294 tempore
1029 3219 1060 3277 in
1080 3237 1145 3296 ger·

124 3309 203 3366 mine
220 3308 364 3380 deficeret,
381 3309 630 3385 quemadmodum
643 3310 733 3369 etiam
745 3311 818 3368 luna
833 3308 937 3368 crescit
948 3312 979 3367 et
992 3307 1143 3370 decrescit

83 3407 112 3452 35
192 3398 238 3457 De
260 3399 402 3458 arborum
422 3400 565 3472 germine,
587 3399 736 3472 frumenti
751 3404 777 3459 et
791 3399 865 3460 ciret.
899 3396 1031 3457 Arbores
1046 3397 1145 3472 etiam,

127 3506 203 3564 qnae
235 3487 266 3545 iu
301 3487 437 3546 orientali
471 3487 560 3565 plaga
593 3493 664 3548 sunt
698 3492 729 3548 et
764 3489 800 3548 de
833 3486 1026 3548 orientalibus
1058 3487 1145 3563 aquis

110 3575 270 3650 deantur,
308 3577 384 3636 bene
417 3580 556 3639 creseunt
587 3581 618 3640 et
648 3579 764 3640 bonum
794 3579 930 3638 iunctum
958 3577 993 3635 in
1021 3575 1147 3636 diversis
