2460 3862
124 165 164 223 90
511 155 755 213 HILDEGARDIS

188 342 233 401 Dc
256 342 379 402 calvitie.
424 340 530 413 Homo,
561 341 645 400 ouius
673 336 827 400 calvitium
855 343 965 419 grande
988 347 1019 402 et
1041 343 1139 403 latum

122 433 174 506 est,
202 431 309 490 fortem
336 430 464 489 calorem
491 431 521 488 in
549 449 580 490 se
607 430 703 490 habet.
749 431 789 489 Et
811 432 892 490 calor
914 432 970 490 iste
993 434 1023 490 et
1046 431 1140 492 sudor

121 520 225 596 capitis
248 519 311 578 eius
333 519 427 578 crines
446 518 567 592 eiciunt,
590 519 641 578 sed
664 519 772 579 humor
785 519 896 579 halitus
917 521 1011 597 ipsius
1031 521 1139 581 fertilis

121 611 165 668 est
187 612 217 668 et
247 626 353 684 earnes,
382 608 435 667 ubi
465 608 559 667 barba
586 608 698 683 crescit,
725 608 886 684 humectat,
915 610 958 668 ita
987 610 1069 686 quod
1096 610 1139 669 ibi

93 697 244 774 oplurimi
267 698 361 757 crines
381 699 551 773 exsurgunt.
583 695 639 756 Sed
655 697 753 769 homo,
775 699 829 774 qui
843 699 998 773 penuriam
1010 699 1139 758 crinium

120 791 151 846 in
174 787 264 846 barba
286 787 382 862 habet,
405 785 455 845 sed
477 785 710 845 habundantiam
732 788 763 845 in
785 788 910 862 vertice,
933 787 989 846 iste
1007 787 1139 865 frigidus

121 879 150 935 et
165 877 354 952 aliquantum
368 875 508 934 infertilis
523 879 576 950 est,
597 878 628 934 01
644 894 712 934 eum
727 877 877 949 (halitus)
896 895 996 936 carnes
1010 876 1091 936 cirea
1106 896 1139 936 os

120 965 248 1024 hominis
259 965 389 1024 eiusdem
405 964 512 1040 tangit,
528 965 646 1023 easdem
662 983 762 1025 carnes
778 965 951 1025 infecundas
967 966 1050 1029 facit.
1080 965 1139 1025 Sed

120 1057 278 1132 postquam
293 1054 383 1113 alicui
398 1053 511 1112 homini
526 1055 619 1113 crines
634 1055 666 1113 in
682 1054 803 1114 calvitio
819 1055 986 1129 ceciderint,
1009 1055 1139 1132 amplius

80 1154 106 1199 10
120 1145 203 1203 nullo
226 1143 418 1202 medicamine
440 1143 600 1202 restaurari
618 1145 770 1219 poterunt,
794 1144 935 1220 quoniam
953 1144 1138 1204 humectatio

120 1238 150 1292 01
171 1233 314 1308 viriditas,
346 1251 435 1308 quam
458 1232 489 1290 in
512 1234 580 1291 oute
603 1233 716 1309 capitis,
744 1232 776 1292 id
798 1234 843 1292 est
864 1233 896 1292 in
922 1234 1140 1294 atruucaedelc

119 1341 182 1398 suo,
211 1322 295 1396 prius
316 1320 450 1393 habebat,
479 1322 540 1379 iam
563 1323 686 1398 exaruit,
717 1340 770 1381 neo
793 1320 898 1381 amodo
922 1323 985 1380 ulla
998 1323 1139 1382 viriditas

118 1410 161 1469 ibi
190 1428 346 1487 exsurgere
368 1410 488 1487 poterit,
520 1409 599 1468 uude
622 1411 712 1469 etiam
743 1411 843 1487 capilli
866 1411 972 1471 amodo
1002 1411 1046 1470 ibi
1078 1430 1140 1472 non

118 1504 316 1562 renascentur.
359 1500 400 1559 111
426 1499 493 1558 1100
522 1499 691 1575 saepissime
719 1500 829 1575 evenit,
856 1503 892 1559 ut
920 1519 1051 1577 quorum
1078 1502 1138 1561 cal·

79 1589 228 1648 15vitium
255 1587 365 1666 grande
392 1592 422 1647 et
452 1589 548 1646 latum
571 1592 622 1659 est,
648 1588 755 1648 horum
783 1589 875 1648 barba
901 1590 991 1648 etiam
1017 1590 1141 1667 grandis

119 1681 148 1737 01
170 1679 230 1737 1010
252 1679 298 1748 fit,
322 1680 352 1737 et
375 1678 428 1758 qui
452 1678 629 1737 tenuitatem
652 1680 682 1737 et
697 1678 851 1752 penuriam
866 1679 897 1737 in
913 1678 1004 1738 barba
1017 1679 1140 1756 hahent,

118 1767 149 1824 hi
172 1769 256 1826 tanto
279 1766 348 1842 plus
370 1767 401 1824 in
423 1766 534 1825 vertice
557 1767 687 1826 crinibus
709 1766 888 1828 habundant.

184 1857 233 1916 De
261 1854 369 1928 cupitis
396 1851 505 1916 dolore.
550 1855 649 1915 Acuta
675 1856 767 1916 febris
790 1858 820 1915 et
847 1856 995 1915 cotidiana
1022 1861 1054 1916 01
1081 1861 1140 1918 101·

117 1944 198 2002 tiana
229 1948 318 2019 atque
351 1948 507 2020 quartana,
542 1944 592 2003 sed
624 1950 655 2004 01
686 1945 759 2004 aliae
793 1944 901 2021 febres,
933 1945 1140 2006 melancoliam

77 2044 105 2090 00
118 2033 267 2093 interdum
296 2036 433 2109 tangunt,
465 2038 496 2093 01
527 2034 580 2091 1110
612 2034 654 2092 sie
685 2039 765 2094 tacta
787 2053 928 2111 aquosum
958 2034 1077 2094 fumum
1101 2037 1140 2095 ad

25 2118 45 2175 1
118 2126 209 2199 caput
232 2126 262 2181 et
283 2122 319 2181 ad
344 2121 496 2180 cerebrum
518 2122 645 2181 hominis
667 2123 763 2182 mittit
786 2128 874 2199 atque
897 2123 975 2182 illud
996 2125 1085 2202 gravi
1108 2131 1140 2184 01

117 2212 257 2271 continuo
281 2212 381 2270 dolore
404 2211 547 2270 infirmari
570 2211 651 2271 facit.

183 2303 230 2361 Dc
253 2303 432 2376 0001910000.
470 2300 528 2359 Sed
551 2305 581 2359 01
602 2302 768 2377 emigranea
791 2301 827 2359 10
851 2301 1023 2361 melancolia
1047 2305 1079 2362 01
1102 2303 1139 2362 10

117 2390 251 2450 omnibus
274 2389 359 2448 malis
382 2388 564 2459 humoribus,
597 2390 703 2465 quiin
735 2391 852 2449 homine
884 2394 962 2462 sunt,
995 2391 1138 2463 nascitur,

76 2480 358 2539 0501101101010111
381 2480 487 2555 eapitis
510 2478 636 2538 hominis
661 2484 786 2555 occupat
807 2483 838 2539 et
865 2498 924 2537 non
952 2483 1067 2556 totum,
1094 2481 1139 2539 ita

117 2568 198 2645 quod
220 2588 298 2627 nunc
330 2570 362 2626 in
385 2568 487 2627 dextra
509 2571 594 2643 parte
618 2568 724 2644 capitis
756 2587 835 2627 nunc
865 2570 896 2626 in
927 2568 1048 2628 sinistra
1079 2573 1138 2642 eat;

115 2658 252 2717 videlieet
279 2677 347 2717 eum
374 2658 514 2717 humores
546 2656 822 2733 superhabundant,
857 2658 989 2716 dextram
1020 2662 1138 2734 partem

117 2751 258 2823 occupat,
295 2766 364 2806 oum
395 2765 465 2806 vero
497 2746 671 2805 melancolia
707 2747 940 2822 supercreverit,
977 2747 1138 2807 sinistram.

115 2834 190 2894 Nam
213 2836 379 2912 emigranea
398 2839 510 2894 tantam
539 2835 743 2893 tortitudinem
770 2836 801 2893 in
828 2853 858 2894 se
883 2834 981 2908 habet,
1010 2836 1136 2912 (quod)

74 2926 263 2984 3001101111
286 2929 376 3000 caput
397 2914 524 2984 hominis
552 2924 642 2982 simul
669 2928 838 3000 oocuparet,
869 2924 958 2984 homo
989 2926 1055 3001 pati
1077 2944 1137 2986 non

115 3017 222 3090 posset.
260 3013 299 3072 at
322 3013 393 3072 haec
414 3013 533 3071 difficile
555 3013 662 3088 expelli
684 3014 802 3088 poterit,
827 3013 905 3090 quia,
929 3014 1011 3089 quod
1025 3015 1136 3074 melan-

116 3103 221 3162 coliam
263 3103 415 3161 interdum
455 3103 630 3177 compescit,
677 3104 768 3162 malos
809 3103 947 3162 humores
984 3103 1137 3164 interdum

114 3193 230 3268 excitat,
248 3195 278 3250 et
293 3191 374 3267 quod
391 3192 482 3250 malos
498 3191 635 3250 humores
650 3191 800 3251 interdum
815 3192 907 3268 sedat,
930 3193 1136 3253 melancoliam

114 3282 264 3342 interdum
289 3299 416 3339 creseere
432 3281 512 3350 facit,
536 3280 645 3339 011100
670 3281 790 3341 difficile
814 3283 997 3341 curationem
1019 3283 1136 3360 recipit,

72 3371 257 3448 aequoniam
271 3370 443 3428 melancolia
459 3372 489 3428 ct
504 3369 574 3426 mali
590 3370 728 3429 humores
744 3371 864 3430 difficile
879 3371 969 3430 simul
984 3372 1137 3434 sedantur.

180 3462 258 3520 Item
289 3460 326 3518 10
359 3460 468 3531 capitis
502 3459 609 3518 dolore.
657 3457 746 3519 Cibus
780 3479 859 3532 vero,
895 3461 947 3536 qui
979 3461 1136 3520 madidum

102 3549 281 3608 aureamin
304 3567 336 3609 se
362 3547 461 3623 hebet,
491 3549 576 3609 velut
603 3567 708 3609 succus
734 3549 894 3608 herbarum
919 3549 1078 3610 hortorum
1105 3554 1136 3610 et
