2460 3862
107 685 301 759 ΒΕΑΤΑΕ
321 682 648 759 HILDEGARDIS
668 681 855 757 orosto
874 681 935 754 ET
954 681 1124 757 OURAEr

565 861 671 869 -ι

605 969 629 1028 I.

173 1079 219 1138 De
253 1079 361 1138 mundi
397 1079 552 1138 creatione.
603 1076 684 1137 Deus
717 1078 785 1135 ante
818 1076 996 1136 creationem
1023 1076 1126 1135 mundi

108 1169 220 1244 absque
246 1168 336 1227 initio
360 1167 421 1227 fuit
443 1171 473 1226 et
496 1168 551 1238 est,
580 1169 611 1226 et
637 1166 700 1241 ipse
726 1166 779 1223 lux
802 1169 832 1224 et
854 1165 993 1241 splendor
1013 1165 1075 1224 fuit
1097 1171 1126 1224 et

107 1261 153 1317 est
175 1260 205 1317 et
227 1258 291 1316 rita
316 1257 383 1317 fuit.
431 1255 506 1314 (lum
529 1274 600 1332 ergo
625 1254 697 1314 deus
724 1253 869 1312 mundum
896 1254 993 1314 facere
1019 1255 1125 1329 voluit,

106 1347 195 1404 illum
227 1346 263 1405 de
296 1346 390 1405 nihilo
421 1345 504 1420 fecit,
536 1344 587 1404 sed
618 1345 650 1402 in
681 1345 837 1404 voluntate
872 1344 966 1420 ipsius
1001 1344 1126 1403 materia

106 1435 212 1494 mundi
234 1439 307 1495 erat.
1139 1441 1153 1486 5

174 1526 222 1584 De
243 1525 316 1598 tyle.
361 1521 438 1582 Nam
461 1542 529 1583 cum
551 1523 689 1582 voluntas
712 1522 760 1582 dei
783 1522 1026 1598 adoperandum
1050 1541 1125 1597 opus

108 1631 140 1673 se
156 1613 293 1682 ostendit,
317 1632 386 1673 mox
406 1612 442 1672 de
462 1613 528 1687 ipsa
547 1613 703 1672 voluntate
723 1615 753 1671 et
768 1612 917 1687 quomodo
938 1611 1010 1671 deus
1028 1612 1126 1672 voluit

106 1703 232 1762 materia
254 1702 359 1761 mundi
385 1705 422 1762 ut
450 1701 594 1761 obscurus
622 1702 730 1780 globus
758 1704 788 1760 et
815 1701 951 1760 informis
974 1700 1125 1777 processit.

176 1792 221 1851 De
249 1793 423 1866 saeclorum
450 1793 606 1852 creatione.
655 1791 695 1850 Et
731 1790 856 1852 verbum
886 1791 981 1865 patris
1012 1789 1124 1849 sonuit:

106 1881 178 1939 fiat
200 1881 274 1957 lux,
299 1883 328 1939 et
350 1882 429 1940 tacta
450 1883 496 1940 est
517 1881 571 1939 lux
593 1883 623 1939 et
645 1880 745 1956 angeli
768 1881 908 1940 lucentes.
946 1878 1022 1938 Nam
1045 1878 1125 1955 quod
1139 1885 1166 1930 10

109 1969 184 2029 dixit
206 1970 277 2028 fiat
298 1971 373 2044 lux,
401 1970 511 2045 absque
533 1968 731 2029 luminaribus
754 1972 785 2028 et
807 1970 935 2028 formata
957 1970 1021 2041 lux,
1046 1967 1126 2044 quod

108 2059 206 2136 angeli
229 2062 307 2122 sunt.
352 2058 410 2118 Sed
437 2077 506 2118 cum
533 2058 610 2118 dixit
635 2058 730 2118 fiant
758 2059 966 2135 luminaria,
994 2058 1051 2117 hoe
1081 2063 1126 2117 est

109 2149 209 2207 lumen
232 2148 355 2218 aerium,
379 2147 459 2224 quod
481 2148 625 2208 videmus.

175 2237 224 2297 De
240 2237 380 2309 Luciferi
402 2255 483 2298 coeo.
528 2237 649 2296 Lucifer
672 2239 773 2296 autem
788 2236 825 2295 ad
841 2237 1009 2312 aquilonem
1024 2236 1124 2294 locum

109 2329 262 2386 vacantem
283 2345 337 2386 neo
359 2322 474 2401 aliquid
497 2329 669 2407 operantem
691 2326 768 2386 vidit
795 2329 826 2385 et
853 2326 897 2384 ibi
919 2327 1018 2385 sedem
1040 2331 1166 2383 suam15

107 2434 217 2491 ponere
239 2417 345 2492 voluit,
369 2416 510 2492 quatinus
531 2416 594 2476 illic
616 2416 704 2491 plura
727 2418 757 2474 et
779 2415 893 2473 maiora
915 2415 968 2474 deo
989 2432 1123 2489 operare-

106 2508 167 2580 tur,
182 2505 369 2565 voluntatem
380 2505 475 2580 ipsius
486 2505 525 2564 ad
536 2505 714 2564 creationem
725 2505 910 2580 reliquarum
921 2505 1125 2563 creaturarum

108 2593 259 2670 ignorans.
304 2592 380 2652 Nam
402 2594 509 2653 faciem
524 2595 619 2670 patris
635 2612 694 2653 non
708 2594 835 2669 inspexit
849 2612 903 2652 nec
917 2592 1123 2653 fortitudinem

108 2683 172 2742 eius
197 2682 286 2744 scirit
307 2702 361 2743 neo
383 2683 547 2742 bonitatem
569 2683 664 2759 ipsius
687 2683 830 2760 gustavit,
855 2682 943 2758 quod,
967 2685 1125 2758 antequam

107 2770 179 2831 haec
202 2773 347 2847 sensisset,
380 2772 435 2832 deo
458 2773 602 2833 rebellare
624 2772 793 2849 temptavit.
844 2771 925 2832 Deus
953 2773 1031 2830 enim
1053 2772 1165 2831 hacco

106 2861 242 2921 nondum
264 2861 504 2922 manifestaverat
531 2862 582 2922 sed
605 2881 640 2920 es
663 2863 880 2935 occultaverat,
911 2862 995 2921 velut
1018 2861 1124 2936 aliquis

107 2953 212 3026 potens
235 2954 265 3010 et
287 2951 374 3011 fortis
396 2951 547 3027 virsano,
572 2952 625 3027 qui
647 2952 854 3011 fortitudinem
874 2970 959 3010 suam
974 2950 1124 3009 interdum

109 3039 174 3100 aliis
202 3039 373 3101 hominibus
401 3059 467 3099 eam
493 3040 691 3101 nescientibus
720 3038 863 3113 occultat,
893 3040 986 3099 donec
1016 3039 1123 3114 videat,

110 3128 185 3204 quid
207 3129 255 3188 illi
286 3129 323 3189 de
350 3148 382 3191 se
408 3130 538 3190 sentiant
567 3133 597 3189 et
625 3130 698 3206 quid
725 3130 854 3206 incipere
880 3128 1004 3204 etquid
1026 3128 1124 3188 facere

109 3217 212 3279 velint.
267 3219 308 3278 Et
330 3237 398 3278 oum
419 3218 540 3278 Lucifer
562 3220 594 3278 in
621 3238 759 3295 perversa
781 3220 934 3278 voluntate
956 3236 1011 3276 sua
1033 3235 1063 3275 se
1086 3216 1123 3275 ad
1137 3223 1165 3268 25

109 3307 241 3366 nihilum
263 3309 401 3384 erigeret,
424 3309 565 3384 quoniam
580 3308 707 3367 nihilum
723 3308 791 3381 fuit,
815 3307 895 3384 quod
909 3307 1005 3366 facere
1019 3306 1127 3379 voluit„

108 3396 142 3454 in
164 3396 243 3456 illud
266 3396 373 3458 cecidit
395 3401 426 3457 et
446 3401 526 3458 stare
548 3417 607 3460 non
630 3398 744 3479 potuit,
777 3399 853 3479 qula
873 3397 932 3460 sub
954 3415 989 3458 sa
1008 3394 1152 3454 tuntum

156 3504 311 3558 fflrdegatdis
323 3517 411 3553 censae
426 3511 451 3555 et
466 3521 543 3560 curae
558 3515 597 3563 ed.
612 3515 742 3565 Kaisar·
865 3573 867 3577 Α
1034 3499 1057 3551 l·
