2460 3862
142 117 204 178 136
528 114 773 170 HlLDEGARDIS

138 317 227 374 quam
250 299 406 376 Augustus
434 301 556 375 oriatur,
589 301 705 358 ieiunus
738 300 848 375 absque
880 299 938 358 alio
971 300 1157 360 condimento

137 387 270 462 accipiat,
293 396 324 447 et
345 389 447 448 noxios
469 390 576 448 livores
600 410 617 447 a
639 389 789 448 stomacho
813 389 911 447 aufert
939 391 969 447 et
992 408 1062 448 eum
1085 409 1154 466 pnr-

137 481 202 554 gat,
234 496 270 535 ne
302 478 334 535 in
361 479 499 555 Augusto
532 478 707 538 infirmetur.
762 477 849 548 Quod
879 478 905 536 si
935 477 1023 537 homo
1060 480 1156 537 ullum

137 567 236 626 cibum
259 567 426 642 comederit,
449 568 528 626 unde
552 569 738 627 stomachum
753 585 841 626 suum
856 566 1008 644 ingravari
1022 569 1154 643 senserit,

108 657 186 714 5ille
209 657 238 714 in
256 654 381 715 Octobre
396 657 479 715 illam
501 659 609 718 sumat.
645 656 702 715 Sed
725 659 755 716 et
777 657 849 716 alias
871 657 1007 730 potiones
1031 657 1156 732 quilibet

135 744 224 804 homo
248 745 396 806 salubrius
418 747 450 804 in
472 747 631 821 praedictis
654 746 804 805 mensibus
828 765 919 822 quam
941 746 973 803 in
997 746 1065 804 aliis
1081 765 1156 805 men·

135 835 215 893 sibus
239 853 352 895 sumere
374 839 482 910 potest.

202 925 248 984 De
271 925 378 987 diaeta.
417 924 475 993 Qui
498 928 599 983 autem
614 943 700 984 sanus
716 942 776 983 esse
798 924 873 996 vult,
896 927 965 999 post
981 924 1155 983 naturaliter

135 1013 244 1072 calidos
275 1013 354 1072 cibos
380 1014 559 1073 naturaliter
581 1013 705 1090 frigidos
729 1013 864 1072 comedat
887 1016 916 1071 et
939 1015 1009 1090 post
1036 1016 1154 1072 natura-

94 1109 121 1155 ιο
133 1102 203 1160 liter
225 1103 350 1179 frigidos
372 1102 547 1162 naturaliter
569 1103 679 1162 calidos
701 1105 800 1161 sumat
822 1106 853 1160 et
882 1104 952 1178 post
978 1103 1155 1160 naturaliter

133 1191 224 1250 siccos
259 1191 435 1250 naturaliter
468 1192 606 1251 humidos
640 1195 669 1251 et
702 1196 771 1268 post
805 1191 984 1250 naturaliter
1019 1191 1154 1250 humidos

132 1281 309 1340 naturaliter
346 1280 489 1356 (siccos),
514 1282 575 1341 sive
603 1284 701 1340 coctos
729 1281 789 1340 sive
816 1299 875 1339 non
902 1283 1012 1355 coctos,
1043 1281 1097 1355 qui
1124 1281 1152 1338 in

132 1373 240 1428 natura
262 1389 316 1429 sua
339 1373 392 1428 aut
416 1371 504 1429 calidi
528 1374 581 1430 aut
602 1370 705 1448 frigidi
729 1373 806 1444 sunt,
831 1373 866 1428 ut
882 1370 923 1429 sic
939 1369 1067 1429 invicem
1083 1370 1152 1430 bene

132 1462 341 1534 temperentur.

93 1556 119 1602 15
200 1549 245 1608 De
272 1549 356 1608 Adae
390 1550 537 1609 creatione
572 1553 598 1609 et
629 1549 710 1608 Ecce
739 1549 927 1621 formatione.
973 1545 1049 1607 (lum
1086 1567 1153 1625 ergo

134 1638 204 1696 deus
228 1638 324 1696 Adam
347 1640 466 1710 creavit,
496 1638 593 1696 Adam
621 1638 807 1697 dilectionem
835 1657 972 1713 magnam
996 1638 1028 1694 in
1051 1655 1154 1712 sopore

132 1725 266 1803 habebat,
290 1746 357 1785 cum
380 1727 452 1786 deus
474 1745 608 1803 soporem
631 1728 662 1785 in
685 1728 784 1802 ipsum
803 1728 894 1788 misit.
940 1726 980 1783 Et
997 1725 1071 1785 deus
1086 1727 1154 1787 fecit

133 1816 258 1874 formam
282 1817 318 1874 ad
337 1817 521 1876 dilectionem
539 1817 605 1886 viri,
628 1824 659 1875 et
681 1818 723 1874 sie
745 1817 854 1875 femina
877 1815 995 1874 dilectio
1020 1816 1081 1874 viri
1101 1818 1152 1875 est.

133 1903 174 1962 Et
200 1924 268 1963 mox
291 1924 359 1964 cum
382 1907 491 1964 femina
513 1907 643 1964 formata
664 1909 717 1981 est,
746 1907 889 1965 virtutem
916 1905 1000 1962 illam
1029 1905 1151 1964 creatio·

94 2001 122 2047 20
135 1994 180 2052 nis
204 1994 275 2052 deus
298 1995 363 2053 viro
387 1995 476 2071 dedit,
507 1999 542 2054 ut
573 1994 729 2054 dilectione
759 2014 820 2066 sua,
852 2013 927 2070 quae
959 1992 1072 2052 femina
1103 1997 1152 2068 est,

132 2082 209 2141 filios
232 2088 424 2159 procrecaret.
471 2083 547 2143 Cum
569 2085 646 2142 enim
668 2084 765 2142 Adam
788 2085 916 2159 inspexit
940 2082 1043 2154 Evam,
1072 2086 1152 2142 totus

133 2172 277 2247 sapientia
293 2173 432 2248 impletus
448 2176 499 2245 est,
525 2173 594 2249 quia
610 2176 743 2244 matrem,
768 2193 821 2248 per
837 2193 928 2250 quam
942 2171 1018 2230 filios
1033 2191 1149 2248 procre-

133 2279 181 2320 are
212 2262 349 2336 debebat,
377 2263 512 2338 inspexit.
563 2261 638 2321 (lum
664 2266 763 2320 autem
795 2263 857 2322 Eva
885 2262 1013 2336 inspexit
1047 2260 1151 2337 Adam,

133 2351 174 2409 sic
198 2370 266 2409 eum
293 2351 428 2425 inspexit,
464 2353 549 2428 quasi
575 2352 606 2408 in
634 2352 749 2410 caelum
771 2352 894 2426 videret,
926 2356 957 2409 et
988 2353 1025 2410 ut
1056 2351 1153 2409 anima

89 2447 118 2492 25
132 2458 248 2499 sursum
272 2441 375 2511 tendit,
400 2461 475 2517 quae
498 2441 634 2500 caelestia
656 2441 812 2516 desiderat,
837 2441 977 2517 quoniam
1001 2458 1067 2515 spes
1090 2441 1151 2499 eius

129 2534 192 2588 eret
224 2530 260 2587 ad
293 2530 400 2592 virum.
445 2530 485 2588 Et
516 2531 582 2588 ideo
614 2549 674 2587 una
706 2530 824 2589 dilectio
848 2531 906 2588 erit
929 2532 959 2588 et
981 2547 1043 2588 esse
1066 2530 1152 2589 debet

128 2618 185 2676 riri
210 2622 239 2677 et
262 2619 386 2678 feminae
410 2624 440 2677 et
462 2638 521 2678 non
544 2621 647 2681 aliene.
692 2618 749 2677 Sed
773 2620 891 2678 dilectio
914 2619 972 2676 viri
995 2618 1032 2676 ad
1062 2619 1148 2678 dilec-

128 2707 239 2766 tionem
262 2709 387 2768 feminae
416 2710 447 2766 in
474 2708 571 2767 calore
599 2708 711 2768 ardoris
744 2715 788 2767 est
824 2711 908 2768 velut
936 2708 1014 2784 ignis
1046 2710 1148 2768 arden·

127 2796 205 2854 tium
228 2798 382 2872 montium,
406 2799 461 2878 qui
484 2798 602 2855 difficile
626 2798 759 2874 extingui
782 2801 888 2873 posset,
917 2798 954 2855 ad
976 2798 1076 2874 ignem
1097 2801 1150 2876 lig-

86 2893 113 2938 ³0
128 2904 242 2960 norum,
268 2887 319 2961 qui
343 2888 430 2946 facile
457 2887 653 2964 extinguitur3
685 2888 804 2946 dilectio
832 2892 933 2946 eutem
962 2887 1086 2946 feminae
1114 2889 1150 2948 ad

127 2974 314 3033 dilectionem
348 2978 404 3034 viri
439 2981 475 3035 ut
497 2977 595 3035 suavis
618 2977 697 3035 calor
730 2977 765 3035 de
798 2977 859 3036 sole
894 2977 1062 3053 procedens,
1098 2980 1150 3056 qui

126 3064 242 3122 fructus
264 3065 410 3139 producit,
439 3066 476 3123 ad
501 3066 738 3124 ardentissimum
762 3068 861 3142 ignem
884 3068 1043 3144 lignorum,
1076 3088 1147 3145 quo·

126 3155 205 3212 niam
237 3158 267 3213 et
297 3155 361 3230 ipsa
391 3155 521 3212 suaviter
552 3156 583 3212 in
616 3156 700 3229 prole
731 3156 847 3215 fructus
870 3159 993 3233 profert.
1039 3157 1147 3234 Magna

126 3247 225 3302 autem
250 3244 376 3313 dilectio,
400 3263 475 3319 (luae
498 3245 529 3300 in
552 3244 649 3302 Adam
671 3249 742 3318 erat,
767 3265 835 3304 cum
858 3248 920 3305 Eva
944 3247 978 3305 de
1002 3247 1066 3323 ipso
1089 3249 1145 3305 exi·

84 3341 113 3386 35
126 3334 178 3406 vit,
203 3337 233 3391 et
256 3333 379 3391 dulcedo
403 3333 518 3407 soporis
541 3334 631 3408 illius,
656 3354 715 3409 qua
737 3337 809 3395 tunc
826 3336 974 3407 dormivit,
998 3337 1029 3394 in
1051 3341 1144 3395 trans·

125 3424 273 3498 gressione
304 3422 365 3480 eius
396 3423 427 3480 in
451 3423 632 3481 eontrarium
655 3423 776 3483 modum
800 3425 962 3484 dulcedinis
985 3445 1070 3485 versa
1093 3428 1145 3488 est.

125 3512 164 3569 Et
186 3511 260 3585 idac,
284 3512 355 3586 quia
376 3512 423 3571 vir
445 3513 521 3569 hanc
543 3531 681 3587 magnam
705 3512 888 3573 dulcedinem
911 3516 941 3573 in
965 3533 995 3574 se
1011 3515 1102 3575 sentit
1117 3517 1147 3574 et
