2460 3862
340 130 484 186 61116111
504 92 550 187 ab
569 131 691 186 6111111
709 132 775 188 ms.
793 132 841 186 1v.
1040 139 1103 197 209

84 337 151 376 ram
163 316 294 374 eiusdem
305 314 403 374 morbi
416 317 601 392 constringit,
613 336 689 392 quae
699 336 768 375 eum
779 335 900 393 surgere
911 317 992 378 faoit
1017 315 1104 375 Calor

85 424 207 482 quoque
230 405 293 463 vini
315 423 384 463 eum
407 405 503 481 magis
527 425 618 482 quam
641 425 719 482 aqua
740 406 830 476 sedat,
854 410 884 465 el
911 406 983 465 haee
1007 407 1104 464 omnia

86 495 210 554 insimul
221 497 438 568 temperabant
449 495 635 570 praedictum
647 498 698 569 est,
707 495 842 554 morbum
855 496 948 554 istum
956 496 1104 557 minuunt.

155 584 201 643 De
224 584 325 642 eolice.
374 578 400 661 1)
410 583 518 655 Ηο1116,
542 603 631 660 quem
653 585 719 643 oieb
743 585 858 660 fatigat,
881 585 1031 643 modicum
1048 585 1104 642 zin-

85 672 180 731 ziberi
212 675 241 731 et
270 672 437 747 plurimum
460 673 616 732 einamomi
638 674 765 749 aoeipiat
786 678 817 732 et
838 673 910 733 haee
931 673 1132 750 pulverizats

83 760 201 820 Deinde
233 761 321 820 tollat
353 762 460 821 salviae
490 762 589 821 minus
619 782 710 839 quam
740 761 877 821 zinziberi
912 766 942 821 et
983 763 1106 821 fenieuli

83 851 156 927 plus
180 868 271 926 quam
294 850 401 909 salviae
424 853 455 909 et
481 851 609 910 tanaceti
636 852 733 910 minus
762 871 851 927 quam
879 852 987 911 salviae
1014 853 1104 927 atque

85 941 159 999 haec
188 941 220 997 in
251 939 394 998 mortario
429 939 466 998 ad
489 959 609 999 suenum
631 944 711 999 terat
733 959 766 999 ao
788 960 841 1017 per
862 960 994 1017 pannum
1017 941 1103 1000 oolet.

82 1027 199 1088 Deinde
221 1029 280 1086 mel
302 1029 333 1086 in
355 1029 424 1088 vino
447 1030 561 1088 modios
584 1033 693 1106 eoquat
709 1032 739 1088 et
754 1030 781 1089 ei
796 1050 904 1105 parum
919 1030 979 1090 albi
994 1029 1105 1106 piperis

83 1118 184 1191 addat,
214 1117 262 1176 vel
292 1118 317 1176 si
344 1117 421 1176 illud
449 1137 509 1177 non
535 1118 681 1194 habuerit,
712 1139 819 1196 parum
852 1121 887 1179 de
909 1120 1051 1178 nimmolo
1075 1121 1105 1177 et
1119 1133 1146 1178 ιο

83 1207 275 1284 praediolum
311 1206 464 1281 pulverem
501 1227 534 1266 se
571 1207 757 1284 praediolum
795 1208 938 1267 immittat
975 1227 1104 1268 suoeum.

83 1295 193 1355 Postea
225 1297 388 1355 merlinsen
420 1300 519 1356 sumat
549 1300 580 1356 et
611 1297 809 1357 tormentillae
840 1298 887 1357 bis
916 1301 1034 1357 tantum
1069 1299 1106 1355 ut

83 1385 250 1444 merlinsen
273 1387 303 1442 et
325 1385 433 1461 sinape,
458 1387 538 1462 quod
552 1386 583 1444 in
599 1405 702 1462 eampo
718 1388 830 1463 oresoit,
851 1386 952 1446 eodem
967 1387 1104 1463 pondere,

84 1479 122 1532 ut
144 1474 330 1533 tormentilla
351 1475 514 1549 ponderata
536 1478 588 1550 est,
612 1479 702 1551 atque
724 1475 848 1534 herbam
869 1475 960 1551 illam,
991 1477 1023 1534 in
1046 1494 1105 1551 qua

84 1563 301 1622 minutissimae
323 1562 509 1640 filianlropos
531 1568 674 1639 creseunt,
697 1566 803 1637 minus,
827 1584 917 1640 quam
939 1566 1105 1626 merlinsen
1120 1577 1145 1622 15

86 1653 135 1727 sil,
158 1655 189 1711 et
211 1652 283 1710 haee
304 1652 335 1710 in
359 1654 502 1712 mortario
526 1652 562 1712 ad
578 1672 699 1713 suooum
713 1656 793 1712 terat
813 1656 843 1711 et
865 1654 970 1712 tritam
992 1655 1023 1712 in
1045 1671 1105 1712 sae·

84 1741 194 1801 oellum
221 1743 313 1816 ponat
344 1745 434 1818 atque
463 1744 633 1818 praefatum
660 1743 808 1802 mellitum
836 1745 866 1801 et
888 1743 1106 1817 pulverizatum

84 1832 190 1890 vinum
212 1830 461 1906 superfundat[ur
485 1835 527 1906 ot]
552 1851 586 1890 ex
609 1832 665 1891 hoo
687 1833 772 1891 velut
794 1832 964 1891 lnlrlolrane
986 1832 1105 1895 faciens.

85 1919 146 1990 Qui
169 1922 268 1978 autem
284 1920 469 1995 praedictum
485 1921 617 1980 dolorem
631 1921 755 1997 patitur,
778 1924 885 1997 potum
899 1921 999 1994 istum,
1016 1940 1105 1997 quan·

83 2013 153 2069 tum
175 2026 236 2066 uno
258 2008 354 2067 halitu
378 2010 477 2069 bibere
499 2013 606 2085 potest,
629 2010 746 2069 ieiunus
768 2009 850 2069 bibat
865 2013 895 2069 et
910 2010 1001 2069 simili
1016 2010 1146 2070 modone

85 2098 123 2157 ad
147 2100 273 2166 noctem,
297 2117 365 2157 oum
389 2117 419 2158 se
441 2099 474 2157 in
496 2100 607 2158 leolum
622 2100 750 2175 reponit,
775 2103 805 2158 et
819 2100 875 2159 hoo
890 2101 986 2173 faeiat,
1009 2118 1106 2176 usque

86 2187 161 2246 dum
185 2188 313 2248 sanetur.
359 2187 434 2247 Nam
456 2190 521 2248 olel
544 2191 574 2247 et
597 2189 632 2248 de
656 2188 758 2247 ealidis
781 2191 811 2247 et
834 2190 869 2247 de
886 2189 1005 2266 frigidis
1020 2188 1105 2248 malis

88 2276 266 2336 humoribus
289 2278 429 2354 nascitur,
451 2279 502 2337 sed
525 2281 625 2337 tamen
647 2279 742 2355 magis
767 2278 802 2336 de
825 2278 943 2354 frigidis
963 2277 1105 2353 quamde

89 2365 193 2425 oalidis
216 2366 392 2426 humoribus
415 2370 466 2427 est.
512 2366 597 2426 Unde
613 2367 694 2426 ealor
716 2367 871 2425 cinamomi
895 2370 925 2425 et
948 2367 1028 2426 oalor
1049 2367 1104 2425 sal·

87 2455 154 2514 viae
186 2457 215 2513 et
247 2455 328 2513 oalor
350 2456 472 2515 feniouli
495 2460 525 2515 et
548 2458 628 2515 oalor
649 2455 778 2514 tanaeeti
800 2459 829 2514 et
851 2456 931 2514 oalor
953 2456 1049 2514 mellis
1072 2474 1105 2514 ae
1118 2466 1146 2512 25

87 2544 169 2602 ealor
190 2543 254 2603 vini
278 2546 308 2602 et
330 2545 410 2604 oalor
432 2545 491 2603 albi
513 2545 624 2621 piperis
645 2547 694 2604 vel
715 2545 795 2603 oalor
816 2545 951 2604 nimmoli
973 2549 1003 2604 et
1025 2545 1105 2604 oalor

87 2632 199 2708 sinapis
222 2633 319 2708 campi
342 2639 372 2692 et
386 2635 467 2693 oalor
481 2634 665 2711 filiantropos
681 2652 749 2692 eum
764 2633 928 2710 frigiditate
943 2634 1104 2694 merlinsen

87 2724 118 2780 et
134 2721 300 2797 frigiditate
315 2723 513 2781 tormentillae
527 2723 685 2800 temperati
699 2723 808 2782 iniuste
824 2723 935 2782 oalidos
950 2727 980 2782 et
995 2722 1105 2782 iniuste

85 2809 214 2887 frigidos
238 2810 383 2883 humores,
415 2813 450 2870 de
474 2811 583 2888 quibus
605 2811 671 2873 viel
692 2812 831 2888 nascitur,
858 2813 1006 2888 minuunt,
1037 2831 1105 2871 eum

85 2898 272 2974 praedictum
295 2900 438 2976 poculum
461 2900 549 2960 homo
571 2902 677 2978 sumit,
710 2901 822 2960 seilicet
843 2901 960 2960 ieiunus
984 2905 1014 2961 et
1036 2921 1104 2960 eum
1117 2913 1145 2959 lo

86 2989 251 3047 dormitum
274 2989 369 3058 vadit,
398 2990 539 3065 quatinus
565 2991 665 3050 ieiuno
694 2991 810 3049 eosdem
836 2991 976 3050 humores
1004 3009 1103 3050 exsur-

86 3097 156 3154 gere
179 3079 261 3136 vetet
283 3081 314 3137 et
336 3097 441 3153 pranso
475 3079 567 3138 malos
598 3080 738 3139 humores
768 3080 902 3139 ciborum
933 3083 1105 3156 compescat.

153 3167 199 3226 De
222 3168 384 3229 lnmbrlels.
417 3159 484 3246 ²)Si
507 3169 543 3227 de
566 3168 660 3228 noxiis
684 3172 714 3227 et
735 3170 821 3228 malis
844 3169 1029 3242 humoribus,
1052 3168 1103 3244 qui

85 3256 117 3314 in
141 3256 260 3314 homine
282 3258 420 3316 venenosi
443 3260 525 3332 sunt,
550 3276 665 3327 vermes¹
686 3259 717 3315 in
741 3258 840 3334 aliquo
863 3258 981 3318 homine
1007 3275 1102 3316 exore-

161 3461 181 3528 ¹l
210 3481 236 3516 v.
255 3462 345 3516 4-22
368 3484 402 3510 =
420 3463 517 3546 urguo
542 3463 611 3518 uso
636 3464 768 3519 1)-1131
787 3465 825 3529 A;
849 3483 875 3518 v.
896 3481 961 3534 pag.
986 3464 1044 3518 161.
1068 3495 1102 3504 -

86 3533 109 3603 2)
128 3553 153 3588 v.
173 3534 272 3604 33-p.
292 3534 366 3601 mos
388 3555 418 3584 =
440 3535 536 3606 Mrgne
555 3536 624 3589 1169
644 3537 667 3588 A
675 3555 682 3599 ;
700 3555 725 3591 v.
744 3553 808 3606 pag.
828 3535 889 3589 211.

139 3629 300 3684 Hildegardr's
315 3642 403 3676 oausae
417 3633 442 3677 et
456 3643 530 3679 cursa
544 3633 583 3680 ed.
598 3632 721 3681 Kaisar.
958 3622 1005 3676 Ἄ
