2460 3862
357 121 499 177 CAUSAE
517 121 564 178 ΕΤ
583 121 706 178 cusas
724 122 792 179 LlB.
810 123 844 178 Il.
1070 131 1112 189 45

85 309 121 367 in
157 325 191 366 eo
224 307 277 366 est.
324 305 365 365 ut
398 308 478 365 terra
509 325 577 366 cum
604 326 691 367 carne
718 308 845 368 hominis
875 308 906 366 in
929 309 1027 368 calore
1049 308 1112 368 eius

86 396 298 474 frigiditatem,
320 395 353 453 in
374 394 544 471 frigiditate
560 397 624 456 eius
639 396 776 473 calorem,
800 397 832 456 in
847 398 1028 458 incremento
1043 399 1112 458 viri·

87 487 224 557 ditatam,
256 485 287 542 in
320 483 485 544 defectione
507 485 686 562 ariditatem,
717 488 749 546 in
776 487 992 563 germinatione
1014 487 1110 547 vivifi·

86 577 246 649 cationem,
277 574 309 632 in
336 573 585 650 multiplicatione
608 576 860 648 sustentationem,
893 577 925 635 in
953 575 1110 653 subporta-

85 666 173 725 tiona
203 663 337 723 omnium
369 663 571 723 membrorum
598 664 693 740 ipsius
721 666 948 740 compassionem
973 666 1139 728 ostendita

87 755 131 814 Et
162 753 252 812 homo
279 752 315 811 da
342 753 412 829 igne
440 753 659 813 sensualitatem
687 757 717 813 et
742 754 920 813 desiderium
943 754 1045 827 trahit,
1075 755 1111 814 de

87 862 159 903 aere
181 845 280 902 autem
304 840 500 919 cogitationes
516 847 546 903 et
561 845 758 920 vagationem,
782 844 818 903 de
834 863 911 920 equa
933 863 1003 904 vero
1021 845 1111 903 soien-

89 934 166 992 tiam
190 934 220 991 et
242 930 414 991 motionem.
537 993 540 999 ,

160 1023 206 1081 De
237 1021 322 1079 Adae
351 1022 555 1093 vivificatione.
601 1021 699 1081 Adam
730 1022 808 1082 enim
839 1040 907 1081 cum
934 1025 1015 1082 terra
1042 1021 1110 1094 fuit,

86 1111 169 1189 ignis
203 1129 271 1169 eum
298 1110 445 1182 exaltavit,
477 1114 509 1170 et
535 1129 585 1169 aer
608 1130 677 1169 eum
699 1112 864 1181 suscitavit,
888 1114 919 1170 et
941 1131 1018 1188 aqua
1042 1117 1153 1170 eum1⁰

86 1199 234 1278 perfudit,
266 1199 347 1275 quod
375 1201 456 1258 totus
488 1196 675 1262 movebatur.
720 1201 803 1260 Tunc
826 1201 898 1260 deus
921 1219 1057 1276 soporem
1080 1201 1112 1259 in

88 1310 161 1350 eum
184 1289 274 1364 misit,
297 1291 328 1348 et
350 1288 382 1346 in
403 1288 449 1347 his
464 1289 579 1349 viribus
595 1292 695 1349 coctus
711 1293 763 1367 est,
786 1289 830 1349 ita
853 1289 933 1366 quod
957 1309 1025 1350 caro
1048 1290 1112 1349 eius

89 1399 149 1457 per
171 1379 272 1456 ignem
300 1377 456 1438 aestuabat
478 1382 508 1437 et
531 1379 612 1455 quod
634 1399 689 1455 per
711 1398 808 1438 aerem
830 1379 956 1453 spiravit
978 1383 1010 1439 et
1032 1378 1112 1454 quod

87 1470 170 1528 siout
200 1467 403 1526 molendinum
434 1487 512 1542 aqua
541 1469 573 1526 in
600 1487 634 1527 eo
671 1468 817 1531 circuivit.
862 1467 921 1538 Qui
952 1472 1111 1544 postquam

88 1557 254 1634 evigilavit,
288 1556 435 1632 propheta
463 1557 633 1616 caelestium
661 1558 722 1617 fuit
749 1561 779 1616 et
805 1558 897 1616 sciens
924 1558 956 1616 in
979 1558 1059 1617 omni
1081 1558 1112 1618 vi
1125 1564 1152 1609 15

87 1650 244 1706 creaturae
267 1646 350 1703 etin
373 1647 454 1705 omni
476 1649 540 1706 arte
562 1649 633 1708 erat.

160 1737 206 1795 Dc
229 1734 314 1793 Adue
331 1736 498 1808 prophetia.
543 1736 583 1795 Et
606 1735 678 1795 deus
701 1754 801 1816 omnes
824 1739 974 1795 creaturas
996 1736 1042 1794 illi
1065 1736 1112 1794 de·

87 1826 143 1901 dit,
167 1824 308 1901 quatinus
331 1824 412 1884 virili
434 1826 466 1884 vi
493 1843 539 1883 eas
562 1829 737 1902 penetraret,
765 1825 906 1901 quoniam
933 1825 1001 1885 illas
1025 1825 1112 1885 scivit

87 1917 120 1975 et
144 1913 292 1990 cognovit.
337 1912 413 1971 Nam
441 1915 503 1990 ipse
530 1914 619 1975 homo
647 1915 743 1974 omnis
766 1917 901 1975 creatura
924 1919 977 1987 est,
1001 1918 1031 1974 et
1053 1915 1111 1991 spi·

87 2022 192 2063 ramen
214 2003 294 2063 vitae
316 2003 348 2060 in
371 2021 406 2062 eo
431 2007 483 2079 est,
507 2005 587 2080 quod
609 2003 698 2062 finem
720 2004 800 2064 vitae
822 2023 881 2063 non
904 2004 1002 2068 habet,
1125 2011 1153 2056 20

157 2092 203 2151 Dc
224 2094 346 2151 animae
375 2093 537 2166 infusione.
583 2092 669 2163 Quod
704 2094 782 2152 enim
812 2094 910 2152 anima
940 2093 973 2153 in
1003 2112 1111 2169 corpus

88 2182 236 2254 mittitur,
259 2181 408 2256 spiramen
431 2185 487 2258 est,
518 2184 548 2242 et
571 2203 588 2240 a
612 2182 666 2242 deo
690 2182 813 2242 missum
836 2185 888 2258 est,
916 2201 950 2241 ac
973 2202 1025 2259 per
1048 2202 1110 2242 cor·

87 2270 206 2348 poralia
227 2289 326 2346 opera,
354 2271 415 2331 sive
438 2273 517 2331 bona
538 2272 599 2331 sive
621 2271 700 2330 mala
723 2274 802 2344 sunt,
830 2273 971 2331 meritum
993 2273 1111 2347 accipit.

86 2361 128 2420 Et
158 2358 230 2419 baec
261 2379 352 2435 opera
387 2361 474 2436 quasi
509 2380 653 2437 compago
685 2361 861 2420 meritorum
893 2363 971 2419 sunt.
1026 2359 1111 2420 Sicut

86 2450 170 2509 enim
200 2448 296 2508 infans
328 2449 427 2525 primo
457 2451 563 2525 nascit,
594 2450 676 2525 quod
707 2455 810 2526 postea
840 2449 997 2525 intelligit,
1030 2450 1108 2526 quia,
1123 2456 1151 2503 25

89 2558 159 2599 cum
183 2539 330 2598 maturior
352 2540 416 2614 crit,
440 2539 631 2615 intellectum,
655 2540 709 2614 qui
731 2539 829 2598 omnia
847 2538 999 2615 intelligit,
1022 2538 1109 2614 capit,

89 2631 121 2688 et
156 2628 233 2687 sicut
263 2631 336 2686 tunc
364 2647 454 2704 opera
483 2648 536 2688 sua
567 2628 778 2689 considerando
808 2631 838 2687 et
864 2627 1023 2687 osculando
1047 2647 1109 2686 am-

84 2717 230 2795 plectitur
253 2720 283 2776 et
304 2716 382 2776 sicut
405 2721 508 2792 postea
527 2717 563 2776 de
588 2721 740 2778 senectute
761 2718 924 2794 fatigatur:
948 2717 989 2776 sic
1012 2717 1110 2777 anima

84 2826 139 2884 per
177 2825 266 2882 opera
302 2807 482 2882 proficiendo
516 2807 659 2883 procedit.
716 2807 755 2866 Et
786 2807 821 2866 de
851 2806 936 2866 bonis
969 2807 1109 2882 operibus

86 2898 174 2957 velut
196 2896 291 2973 regali
314 2897 425 2956 amictu
449 2897 647 2969 cicumdatur,
671 2897 707 2955 de
731 2897 817 2955 malis
837 2915 908 2957 vero
926 2896 1109 2973 obfuscatur,
1123 2902 1151 2948 30

85 2985 340 3062 quemadmodum
367 2986 457 3044 etiam
481 2989 561 3044 terra
584 2986 669 3063 aquis
691 2985 895 3061 pertraditum
918 2988 949 3046 et
971 2987 1109 3062 quemad-

83 3074 211 3135 modum
225 3094 319 3152 aquae
335 3075 366 3133 in
381 3075 559 3150 quibusdam
581 3075 655 3135 locis
677 3076 784 3151 fluunt
809 3076 852 3135 ita
876 3076 974 3134 anima
1001 3094 1109 3151 corpus

84 3164 244 3241 perfundit
266 3167 296 3224 et
318 3164 417 3240 ipsum
439 3184 548 3240 corpus
571 3165 700 3236 excellit,
729 3165 780 3224 sed
803 3168 833 3224 et
856 3166 920 3239 ipsa
943 3166 1036 3224 oculis
1061 3183 1107 3222 ex·

82 3253 246 3314 tertoribus
269 3255 375 3313 clausis
398 3273 466 3314 cum
495 3253 653 3330 prophetia
681 3254 854 3313 multotiens
884 3254 988 3312 futura
1018 3253 1107 3328 videt,

83 3345 156 3420 quia
179 3344 242 3402 sine
266 3361 388 3419 corpore
412 3362 442 3403 se
464 3343 565 3403 vivere
588 3344 776 3405 recordatur.
1121 3347 1149 3394 ³5

178 3433 224 3492 De
258 3429 345 3494 Adae
377 3450 489 3495 somno.
542 3432 614 3492 Post
645 3434 778 3507 primum
810 3450 939 3508 namque
972 3449 1108 3489 somnum

83 3522 171 3582 Adae
195 3522 355 3599 prophetia
383 3523 446 3582 eius
479 3540 551 3581 vera
581 3523 653 3598 fuit,
688 3523 834 3602 quoniam
856 3520 998 3582 noudum
1015 3537 1122 3594 pecca·
