2460 3862
352 138 494 194 GAUSAE
513 140 560 196 ΕΤ
578 140 700 196 OURAE
720 139 787 194 LIB.
806 133 840 195 Il.
1039 146 1101 206 107

151 323 197 382 Dc
211 324 358 383 menstrui
374 324 545 384 retentione.
576 323 612 382 In
627 323 806 399 quibusdam
819 327 921 384 autem
940 325 1103 384 iuvenculis

83 403 263 471 mulieribus
275 412 447 472 multotiens
459 415 564 489 guttae
577 413 745 473 rivulorum
758 415 908 490 sanguinis
920 433 1022 473 earum
1034 434 1104 490 prae

80 501 208 561 tristitia
219 501 261 561 sic
274 501 444 567 effluentem
455 502 629 579 sanguimm
642 502 775 561 mulieris
788 503 873 562 valde
886 503 1104 580 constringunt,

82 591 227 667 qnoniam
241 610 332 650 venae
346 591 425 651 hunc
440 592 613 667 sanguinem
629 591 667 649 ad
682 591 853 650 effusionem
868 592 959 652 rivuli
974 595 1104 668 portant,

83 698 163 756 quaa
196 679 231 738 de
265 679 400 755 suspiriis
434 680 653 739 contrahuntur
687 680 717 738 et'
749 683 897 741 arescunt.
943 680 999 762 Sed
1027 682 1132 741 sicut5

84 769 177 828 arbor
190 768 222 826 in
236 771 347 828 aestate
362 770 398 829 da
413 769 476 828 sole
490 769 577 827 floret
592 772 622 827 et
638 769 764 844 frondet,
787 769 831 827 ita
847 769 936 827 etiam
951 773 1104 829 menstrua

83 857 245 916 mulierum
270 857 306 917 de
328 857 444 917 laetitia
465 857 641 916 multotiens
658 859 842 933 aperiuntur,
865 860 896 916 et
918 862 954 917 ut
975 859 1104 935 frigidus

83 950 192 1007 ventus
214 949 244 1006 et
267 947 339 1023 gelu
361 950 391 1006 et
412 945 506 1006 hiems
528 947 600 1006 folia
623 950 653 1006 et
677 965 775 1006 ramos
805 946 945 1006 arborum
974 948 1104 1023 arefacit,

85 1036 131 1095 sic
153 1036 244 1095 etiam
258 1036 350 1096 rivuli
366 1036 526 1113 sanguinis,
550 1037 603 1112 qui
619 1035 655 1094 dc
670 1037 795 1095 muliare
810 1056 929 1096 manare
951 1036 1104 1112 debebant,

83 1143 141 1202 per
159 1124 316 1191 ¹tristitiam
338 1143 424 1202 saepe
447 1127 593 1187 arescunt.
639 1125 679 1183 Et
706 1144 775 1184 cum
805 1127 896 1184 etiam
921 1127 953 1184 in
981 1125 1102 1203 quibus·
1119 1141 1148 1185 10

87 1215 157 1273 dam
179 1214 295 1273 feminis
318 1214 354 1274 de
377 1214 583 1290 superfluitate
606 1213 815 1273 infirmitatum
838 1235 940 1274 earum
954 1215 1104 1292 humores,

86 1303 143 1380 qui
165 1303 197 1361 in
219 1303 260 1362 eis
283 1306 361 1379 aunt,
385 1303 416 1362 in
439 1302 591 1362 diversum
613 1306 644 1361 ot
666 1304 849 1362 contrarium
872 1305 985 1363 malum
1005 1323 1105 1380 super·

85 1391 260 1451 habundant
275 1395 305 1452 et
320 1393 454 1464 effluunt,
474 1410 570 1466 venas,
587 1410 663 1468 quac
677 1392 792 1451 rivulos
808 1393 960 1470 sanguinis
975 1396 1105 1469 portant,

87 1481 120 1539 in
143 1481 215 1557 ipsis
238 1481 453 1558 constringunt,
476 1482 520 1540 ita
544 1481 625 1557 quod
647 1483 799 1540 menstrua
822 1501 925 1541 earum
958 1482 1105 1559 deficiunt,

86 1570 159 1645 quia
180 1572 370 1646 tempestates
389 1569 552 1630 humorum
570 1570 716 1629 iniustum
736 1571 835 1646 frigus
855 1575 885 1630 et
905 1571 1107 1631 diversitatem
1121 1587 1148 1632 15

86 1659 193 1718 caloris
215 1663 331 1736 parant,
352 1659 396 1718 ita
419 1659 500 1736 quod
523 1659 643 1735 sanguis
667 1678 769 1718 earum
796 1658 948 1719 interdum
978 1661 1106 1738 frigidus

86 1750 133 1808 est
155 1751 186 1807 at
214 1748 294 1824 quod
324 1749 475 1808 interdum
506 1749 614 1820 fervet3
645 1748 724 1807 uude
754 1748 844 1807 etiam
871 1747 987 1808 divorso
1018 1750 1106 1809 modo

87 1838 121 1896 in
144 1838 185 1897 eis
207 1836 263 1896 hac
286 1840 316 1897 et
338 1838 407 1897 illac
429 1838 583 1909 discurrit3
607 1839 637 1895 et
659 1840 732 1896 tunc
754 1856 852 1913 venae,
877 1858 953 1914 quae
973 1841 1107 1917 tempora

86 1945 141 1986 suo
176 1926 296 1985 effluere
331 1925 485 2000 debebant,
518 1928 642 2002 propter
672 1926 853 2003 ariditatem,
888 1947 979 2004 quem
1012 1929 1043 1987 in
1077 1947 1107 1988 se

87 2015 206 2090 habent,
229 2015 402 2092 obligantur
424 2018 454 2074 et
476 2034 536 2074 non
559 2015 694 2078 affluunt.
739 2014 795 2076 Sed
818 2021 848 2076 et
870 2017 945 2075 aliae
961 2018 1106 2094 quaedam
1120 2032 1148 2077 ro

90 2105 218 2163 feminae
240 2108 319 2181 sunt,
343 2123 419 2181 quae
441 2105 574 2162 infirmas
597 2123 697 2163 carnes
720 2108 750 2163 et
765 2123 875 2164 crassas
890 2106 1008 2182 habent,
1031 2126 1107 2182 quae

90 2194 188 2269 magis
211 2193 247 2252 do
270 2194 424 2253 debilitate
447 2196 477 2252 et
500 2194 536 2252 de
559 2193 701 2252 foeditate
724 2213 826 2253 earum
849 2200 992 2272 crescunt,
1016 2215 1107 2271 quam

90 2283 127 2342 de
149 2285 230 2342 recta
252 2283 405 2342 viriditate
427 2283 556 2343 illarum.
601 2282 641 2340 llt
663 2301 763 2342 cernes
785 2284 858 2342 istae
881 2285 924 2343 itu
944 2303 1107 2361 supercres-

90 2374 164 2431 cunt
177 2390 266 2430 venas
282 2374 312 2431 ot
327 2373 434 2432 casita
454 2371 636 2448 opprimunt,
656 2372 810 2447 quodiam
826 2373 946 2432 fortiter
963 2375 1105 2432 constrin-

90 2463 215 2537 guntur,
239 2461 319 2536 quod
351 2460 443 2543 rivuli
473 2461 626 2536 sanguinis
649 2479 751 2519 earum
775 2461 943 2520 obruuntur
966 2465 996 2521 et
1027 2463 1107 2539 quod
1120 2476 1149 2521 25

89 2553 171 2610 recto
193 2552 326 2626 tempore
350 2568 405 2610 suo
420 2568 479 2608 non
494 2552 618 2624 possunt
633 2550 761 2622 affluere,
785 2550 865 2627 quod
881 2570 933 2609 ora
948 2552 1108 2611 earundem

87 2657 232 2698 venarum
264 2639 307 2698 ita
340 2643 460 2699 onerata
490 2641 521 2697 et
543 2638 680 2698 conclusa
702 2642 780 2711 sunt,
804 2639 884 2715 quod
906 2640 1019 2700 rivulos
1041 2660 1105 2700 san-

88 2728 188 2805 guinis
203 2728 251 2787 sui
266 2728 416 2788 effundere
430 2747 490 2787 non
504 2731 639 2804 possunt.
661 2726 747 2786 Unde
759 2729 849 2788 etiam
863 2733 893 2788 et
908 2730 1018 2788 matrix
1032 2732 1107 2809 ipsa·

87 2837 158 2876 rum
180 2817 359 2876 feminarum
382 2818 425 2876 ita
447 2816 743 2890 superhabundanter
774 2818 994 2895 impinguescit,
1026 2822 1107 2898 quod

87 2907 147 2966 iter
171 2906 234 2964 eius
256 2910 319 2966 tam
340 2906 461 2966 fortiter
484 2906 711 2982 constringitur,
738 2910 774 2965 ut
801 2927 853 2966 vos
881 2909 1004 2985 aliquod
1032 2913 1108 2971 clau·
1122 2921 1150 2966 30

88 2995 182 3071 ditur,
212 3014 249 3053 nc
281 2996 359 3054 illud
391 2996 503 3067 affluat,
538 2995 620 3070 quod
641 2996 673 3054 in
696 3015 726 3054 se
748 2999 842 3070 tenet,
870 3001 900 3057 et
921 2999 965 3057 ita
988 3002 1108 3078 sanguis

88 3085 154 3144 eius
177 3085 353 3144 constrictus
375 3088 508 3160 tempore
531 3102 585 3142 suo
609 3085 755 3160 profluere
778 3106 837 3145 non
860 3091 967 3164 posset.

157 3175 204 3233 Dc
226 3174 369 3236 colcaria.
413 3173 470 3233 Sed
494 3172 574 3250 quod
598 3175 726 3233 calvaria
756 3175 787 3233 in
819 3178 916 3253 capite
946 3179 1107 3238 mulierum

88 3261 184 3322 divisa
206 3268 258 3336 est,
281 3263 337 3323 hoc
360 3266 405 3323 est
428 3264 512 3321 velut
534 3262 595 3339 via,
618 3283 673 3339 per
697 3284 787 3340 quam
809 3285 900 3325 venno
924 3268 1107 3342 aperiuntur,

88 3370 158 3411 cum
180 3353 293 3411 rivulos
315 3354 461 3412 menstrui
483 3352 625 3427 temporis
658 3353 796 3416 educunt.
842 3355 881 3413 llt
911 3373 945 3413 co
976 3358 1108 3433 tempore
1122 3366 1149 3412 35

90 3441 156 3517 ipsa
183 3441 311 3500 calvaria
343 3442 477 3519 aperitur
508 3444 539 3499 et
568 3442 647 3501 viam
677 3444 759 3502 venis
790 3444 870 3519 facit,
900 3447 936 3502 ut
967 3446 1108 3522 purgatio

89 3533 310 3589 menstruarum
343 3531 375 3590 in
408 3531 584 3590 mulieribus
622 3532 806 3610 perficiatur.
858 3532 923 3594 iod
954 3537 1126 3610 postumam
