2460 3862
154 143 216 205 114
540 136 785 193 HILDEGARDIS

152 326 183 382 et
205 322 338 398 eorporis
360 321 497 382 incurrit.
539 321 579 381 Et
600 320 698 397 homo,
722 321 775 397 qui
798 321 946 383 viventem
968 323 1065 382 vitam
1088 323 1122 381 in
1145 341 1175 383 se

153 411 242 470 habet
265 414 295 470 et
318 411 371 487 qui
394 410 517 471 diversis
540 409 613 471 cibis
636 410 778 486 nutritur,
808 411 952 471 maiorem
974 411 1174 489 indigentiam

153 503 282 577 potuum
317 499 419 575 habet,
460 499 581 560 interim
624 498 697 558 dum
733 500 872 575 eomedit,
908 520 1000 577 quam
1031 501 1175 560 animalia

153 589 288 665 habeant,
313 607 389 666 quae
411 589 478 649 feno
502 591 533 649 11
555 588 689 666 gramine
711 592 885 664 pascuntur.

125 694 139 738 5
218 679 265 739 Dc
284 679 470 743 dormitione.
499 677 596 738 Homo
618 681 688 754 post
709 678 810 737 cibum
831 678 934 738 stetim
955 697 1014 739 non
1032 678 1174 754 dormiat,

153 770 313 844 antequam
335 771 440 845 gustus
468 771 498 827 et
529 785 634 827 succus
661 785 695 826 ac
722 767 796 827 odor
822 786 926 826 eorum
959 768 996 826 ad
1019 769 1086 827 loca
1120 787 1174 829 sue

152 857 333 933 perveniant
379 856 436 916 Sed
459 860 527 932 post
549 856 648 916 cibum
671 875 726 932 per
748 856 880 932 aliquam
908 857 1028 916 breuem
1055 876 1173 917 moram

153 967 171 1004 a
192 946 371 1006 dormitione
393 964 424 1005 se
446 946 607 1021 contineat,
639 964 676 1004 ne
698 945 724 1005 si
745 948 867 1021 repente
889 949 958 1022 post
980 946 1082 1006 cibum
1106 947 1174 1006 dor·

152 1035 264 1111 mierit,
298 1035 399 1094 eadem
433 1034 573 1094 dormitio
607 1037 732 1112 gustum
765 1038 796 1094 11
829 1052 949 1094 succum
983 1054 1017 1096 ac
1049 1035 1173 1096 odorem

112 1140 139 1183 ro
152 1124 289 1184 ciborum
318 1124 350 1183 in
380 1124 490 1182 iniuste
519 1127 550 1183 et
581 1123 729 1183 contrariu
760 1124 824 1183 loca
851 1124 940 1184 ducat
966 1128 997 1183 et
1023 1143 1062 1184 ne
1088 1126 1175 1186 velut

152 1213 307 1289 pulverem
335 1212 390 1272 heo
421 1215 451 1272 et
481 1212 551 1271 11111
576 1213 608 1272 in
636 1213 719 1272 venis
745 1212 906 1290 dispergat
952 1213 1008 1273 Sed
1032 1214 1058 1272 si
1080 1213 1173 1274 homo

152 1321 205 1378 per
227 1301 347 1361 brevem
369 1321 483 1361 moram
505 1320 536 1361 se
559 1302 741 1361 continuerit
768 1305 799 1360 et
821 1304 894 1361 tuno
908 1302 946 1361 ad
960 1302 1174 1363 dormitionem

152 1410 183 1451 se
213 1411 267 1468 per
293 1391 439 1451 modicam
464 1390 569 1450 horam
600 1391 784 1466 deposuerit,
817 1410 884 1451 caro
908 1394 939 1451 et
960 1391 1083 1469 sanguis
1108 1393 1173 1451 eius

153 1501 187 1540 ex
210 1481 265 1542 hoc
288 1482 400 1556 crescit,
424 1484 454 1539 et
476 1498 565 1540 sanus
587 1479 818 1540 inde-efficitur.

113 1584 140 1629 15
220 1571 266 1630 Dc
288 1569 542 1631 11111111111111.
573 1567 666 1645 Saepe
689 1573 789 1628 autem
804 1569 959 1645 contingit,
984 1568 1065 1646 quod
1080 1569 1172 1629 homo

153 1661 183 1718 et
204 1659 235 1717 in
259 1659 306 1718 die
328 1663 358 1718 11
380 1661 412 1717 in
434 1662 533 1734 noete,
564 1676 632 1717 cum
654 1658 789 1734 evigilat,
822 1659 858 1717 de
880 1658 978 1718 colore
1000 1661 1032 1718 et
1054 1658 1092 1718 de
1117 1660 1172 1718 ari·

153 1748 246 1807 ditate
268 1747 403 1807 ciborum
425 1748 499 1811 sitit.
544 1746 602 1807 Sed
624 1748 675 1807 1111
699 1750 808 1823 caveat,
831 1766 867 1806 ne
890 1766 958 1807 mox
980 1747 1073 1823 bibat,
1098 1748 1173 1807 dum

153 1855 242 1912 sopor
266 1837 362 1896 adhuc
384 1838 415 1896 in
441 1838 507 1912 ipso
535 1840 591 1912 111,
623 1837 694 1912 quia
716 1837 903 1896 infirmitates
930 1837 987 1896 sibi
1015 1837 1173 1897 induceret

153 1929 184 1984 et
206 1927 378 2004 sanguinem
401 1930 432 1986 et
453 1925 592 1986 humores
615 1944 683 1985 suos
710 1926 741 1985 in
768 1926 893 1986 iniustas
920 1925 1065 2001 procellas
1094 1927 1171 1986 exci-

113 2028 140 2073 11
153 2018 240 2077 taret.
285 2015 343 2074 Sed
365 2018 525 2092 postquem
547 2015 750 2092 evigilaverit,
777 2034 832 2091 per
860 2015 992 2091 aliquem
1014 2033 1133 2075 moram
1156 2035 1174 2072 a

152 2107 228 2180 potu
256 2123 286 2164 se
318 2105 478 2175 contineat,
512 2105 647 2181 quamvis
678 2104 810 2163 multum
842 2104 937 2180 sitiat,
970 2123 1067 2180 usque
1099 2105 1173 2164 dum

152 2212 242 2270 sopor
263 2195 392 2269 pleniter
415 2194 452 2252 ab
475 2213 508 2252 eo
531 2194 692 2253 recesserit.

218 2285 266 2343 Dc
283 2287 367 2357 potu.
413 2283 452 2342 ut
474 2287 554 2356 tunc,
577 2284 639 2343 sive
661 2301 749 2341 sanus
772 2283 834 2342 sive
856 2283 992 2341 infirmus
1015 2283 1070 2358 sit,
1102 2286 1173 2359 post

152 2373 360 2432 dormitionem
383 2372 408 2431 11
431 2373 508 2444 11111,
538 2371 642 2432 vinum
669 2375 723 2430 aut
749 2372 920 2431 cerevisiam
946 2370 1030 2431 bibat
1057 2375 1089 2431 11
1113 2392 1172 2432 non

111 2473 139 2518 25
153 2480 269 2539 equam,
293 2463 365 2539 quie
387 2480 466 2538 aqua
487 2464 560 2520 tune
581 2460 756 2537 sanguinem
779 2463 810 2520 et
830 2461 970 2542 humores
986 2461 1051 2521 eius
1073 2461 1171 2538 magis

152 2551 282 2610 laederet
305 2571 395 2627 quam
418 2569 467 2610 eos
490 2551 616 2612 iuvaret.

218 2641 263 2699 Dc
279 2640 424 2719 paralysi
443 2637 629 2718 fatigatione.
658 2638 766 2711 Homo,
790 2640 843 2716 qui
866 2639 902 2698 de
925 2641 1013 2717 gutte
1035 2639 1170 2717 paralysi

153 2730 312 2806 fatigatur,
345 2730 483 2788 humores
517 2728 676 2788 destitutos
705 2728 737 2786 in
765 2747 795 2787 se
826 2728 929 2800 habet,
959 2729 1045 2788 velut
1072 2729 1171 2788 undae

153 2837 299 2894 aquarum
321 2820 399 2892 sunt,
423 2836 499 2894 quae
521 2817 552 2877 iu
574 2817 708 2893 inquiete
731 2821 899 2881 moventur.
937 2817 977 2876 ut
999 2817 1067 2877 ideo
1089 2818 1171 2877 idem

112 2919 139 2964 eo
152 2906 241 2966 homo
271 2907 303 2965 in
334 2906 468 2966 moribus
499 2911 530 2966 11
560 2907 591 2965 in
623 2910 711 2983 gestu
741 2925 796 2966 suo
825 2907 997 2966 moderatus
1025 2925 1089 2966 esse
1111 2925 1171 2966 non

152 2998 262 3071 potest,
295 2998 325 3054 et
351 3000 508 3072 propterea
534 2996 639 3055 vinum
668 2995 785 3055 ieiunus
812 2994 904 3072 bibat,
932 2996 981 3054 vel
1007 2995 1032 3054 si
1065 2995 1171 3054 vinum

151 3085 259 3144 habere
285 3104 344 3144 non
372 3085 498 3162 poterit,
531 3085 703 3144 cerevisiam
730 3084 766 3143 de
794 3085 883 3145 ordeo
912 3087 966 3143 aut
992 3084 1029 3143 de
1052 3084 1171 3162 siligine

153 3176 260 3234 factem
283 3175 401 3243 ieiunus
423 3173 519 3249 bibat,
546 3174 595 3233 vel
617 3173 642 3233 si
664 3173 740 3232 nihil
763 3174 889 3233 istorum
913 3174 1020 3233 hebere
1048 3173 1171 3249 poterit,

153 3284 261 3341 equam
288 3282 357 3323 oum
384 3282 459 3339 pane
486 3265 596 3339 coquat
622 3266 652 3322 et
678 3281 732 3338 per
752 3283 884 3339 pannum
907 3263 985 3322 colet
1007 3264 1038 3321 et
1061 3281 1171 3338 aquam

111 3354 236 3412 seillam
266 3352 398 3428 tepidam
430 3352 514 3411 bibat
540 3355 571 3411 et
597 3352 639 3411 111
670 3370 725 3429 per
756 3353 889 3429 singulos
917 3352 979 3411 dies
1006 3350 1112 3427 faciat,
1143 3354 1173 3409 et

152 3443 249 3502 undae
276 3442 474 3518 procellarum
502 3444 606 3519 guttae
634 3441 666 3499 in
693 3460 727 3500 eo
751 3444 989 3516 compescuntur.
1035 3437 1172 3512 Quodsi

147 3532 227 3590 idem
250 3531 341 3591 homo
369 3530 429 3590 cito
457 3548 580 3607 corpore
607 3529 725 3606 defecit,
757 3531 907 3591 modicum
937 3530 1057 3590 ieiunus
1079 3528 1171 3605 11111,
