2460 3862
174 153 236 212 198
559 146 804 203 HILDEGARDIS

171 330 334 390 merlinsen
363 333 393 389 et
421 333 534 393 viceour
555 331 601 391 bis
629 309 750 391 tanturn¹
769 337 805 392 ut
827 333 991 392 merlinsen
1014 335 1044 390 et
1067 350 1191 409 synape,

173 420 254 496 quod
277 420 307 477 in
331 439 435 495 campo
463 422 581 497 crescit,
608 421 710 481 eodem
740 421 868 498 pondere
897 424 933 479 ut
959 420 1073 482 eicior
1097 423 1192 497 atque

170 507 303 584 herbam,
342 508 394 582 <in
418 514 499 587 qua>
536 511 662 571 cladium
685 513 830 587 creseunt,
859 510 965 581 minus,
995 529 1089 586 quam
1111 528 1193 572 mer·

171 598 270 658 tinam
292 593 351 682 sit]

143 701 157 744 o
236 688 282 747 De
309 689 359 747 irc
388 691 415 746 et
441 689 576 750 tristitia.
627 687 703 748 Cum
731 689 838 764 aliquis
864 687 953 748 homo
979 687 1114 746 inirem
1137 692 1194 748 aut

170 777 201 834 in
223 777 379 836 tristitiam
403 780 592 854 provocatur,
625 797 694 836 mox
716 777 821 838 vinum
852 777 889 835 ad
911 777 1011 854 ignem
1033 777 1193 838 calefaciat

170 868 200 924 et
221 866 335 925 modice
358 866 468 943 frigida
491 886 569 943 aqua
592 867 778 927 commisceat
800 871 830 926 et
852 866 943 942 bibat,
965 870 996 928 et
1018 865 1063 926 sic
1086 867 1191 928 fumus

171 956 371 1030 melancoliae,
395 956 501 1031 quiin
524 975 558 1015 eo
581 956 619 1014 ad
642 957 718 1015 iram
740 956 877 1028 surrexit,
902 955 1112 1030 compescitur.

239 1045 285 1104 Dc
307 1047 364 1106 ira.
410 1044 469 1115 Qui
499 1047 598 1104 autern
620 1046 651 1104 in
678 1046 723 1104 ira
745 1045 789 1105 ita
820 1048 965 1117 movetur,
999 1045 1084 1121 quod
1120 1045 1192 1105 inde

132 1144 158 1191 10
172 1133 299 1192 dolendo
314 1133 491 1208 infirmatur,
515 1135 641 1210 accipiat
663 1135 765 1195 baccas
787 1135 867 1194 lauri
889 1137 919 1194 et
941 1152 989 1193 eas
1004 1152 1097 1210 super
1112 1135 1190 1212 igni·

170 1225 236 1280 tum
258 1224 386 1282 laterem
415 1223 555 1283 arefaciat
584 1227 639 1296 (ac
666 1225 755 1284 etiam
784 1223 889 1284 herbas
916 1223 1024 1283 salviae
1054 1225 1085 1282 et
1110 1243 1191 1282 ama·

170 1312 251 1384 mci>
290 1331 323 1371 ac
346 1331 394 1371 eas
418 1313 454 1370 ad
477 1313 570 1373 solem
592 1314 714 1374 siccatas
736 1314 901 1390 pulverizet
922 1316 1013 1388 atque
1032 1313 1191 1387 pulverem

170 1402 266 1458 istum
290 1404 320 1460 et
342 1402 435 1459 alium
457 1403 642 1477 praedictum
664 1406 818 1481 pulverem
841 1402 877 1462 de
904 1402 1001 1461 baccis
1023 1401 1106 1459 lauri
1129 1403 1189 1461 fao-

173 1494 238 1548 tum
261 1492 291 1549 in
314 1491 445 1566 pixidem
467 1492 557 1550 simul
579 1495 680 1567 ponat,
709 1493 752 1551 ita
784 1491 865 1568 quod
897 1490 998 1566 pulvis
1029 1489 1190 1550 baccarum

131 1592 159 1636 15
172 1580 250 1638 lauri
273 1581 427 1655 pulverem
450 1581 559 1639 salviae
583 1582 703 1640 excedat
725 1584 755 1640 et
778 1580 877 1656 pulvis
901 1580 1009 1639 salviae
1032 1580 1190 1655 pulverem

174 1670 308 1741 amaraei,
332 1672 362 1728 et
377 1672 418 1728 sic
433 1669 553 1729 na1ibus
569 1671 630 1729 suis
646 1673 768 1746 propter
785 1673 895 1730 bonum
911 1668 1032 1728 odorem
1048 1674 1187 1745 apponat

170 1757 283 1816 Deinde
298 1777 416 1835 quoque
430 1762 546 1834 partem
562 1760 694 1818 eiusdem
708 1759 842 1835 pulveris
858 1759 974 1818 modico
990 1758 1061 1817 vino
1078 1758 1186 1836 frigido

171 1848 305 1922 imponat
327 1851 357 1906 et
379 1848 421 1906 sic
444 1849 638 1925 commisceat,
661 1866 695 1906 ac
718 1868 786 1907 cum
809 1849 862 1907 illo
892 1848 1022 1906 frontem
1052 1850 1083 1906 et
1109 1851 1181 1906 tem·

170 1955 243 2011 pora
266 1956 299 1995 ac
322 1943 424 2012 peetus
452 1955 540 1996 suum
569 1941 725 2013 perungat.
772 1937 848 1996 Nam
875 1938 981 1996 baccae
1009 1936 1090 1994 lauri
1117 1937 1184 1996 cali-

130 2035 158 2080 no
171 2026 239 2083 dam
264 2028 294 2083 et
317 2027 423 2084 siccam
445 2026 609 2085 siccitatem
631 2026 740 2085 habent
763 2030 793 2085 et
814 2026 962 2097 humores,
986 2044 1063 2101 quos
1086 2026 1132 2084 ira
1153 2027 1182 2084 in

170 2114 287 2174 homine
310 2115 438 2184 arefecit,
462 2116 620 2190 humectat,
644 2120 674 2175 et
696 2116 777 2175 calor
800 2115 927 2174 amaraci
955 2114 1110 2173 cerebrum
1132 2133 1184 2189 per

171 2204 247 2261 iram
281 2206 462 2287 commotum
496 2205 579 2263 sedat
611 2207 642 2263 et
674 2205 768 2264 siccus
797 2205 878 2263 calor
905 2204 1015 2263 salviae
1038 2203 1184 2278 humores,

172 2312 246 2368 quos
269 2294 314 2352 ira
338 2292 493 2360 destruitit,
517 2297 684 2370 congregat.
729 2295 769 2353 Et
784 2313 852 2354 cum
867 2293 972 2353 baccae
994 2292 1075 2352 lauri
1097 2312 1185 2369 super

171 2382 303 2459 ignitum
326 2383 448 2441 laterem
471 2387 595 2458 propter
616 2384 785 2455 sanitatem,
814 2401 890 2459 quae
912 2383 944 2440 in
966 2382 1033 2456 ipso
1058 2386 1112 2458 est,
1141 2401 1182 2442 ex·

131 2484 158 2527 25
172 2472 319 2530 siccantur
342 2475 371 2530 et
394 2490 462 2530 cum
485 2491 620 2531 amaraco
644 2475 675 2531 et
697 2473 789 2532 salvia
804 2472 842 2531 ad
858 2473 949 2531 solem
964 2475 1089 2547 propter
1103 2470 1182 2531 forti·

171 2561 307 2620 tudinem
330 2561 420 2635 illius,
455 2563 491 2618 ut
517 2561 685 2636 praefatum
715 2565 767 2634 est,
799 2565 961 2638 ponuntur,
995 2562 1026 2619 et
1054 2579 1123 2620 cum
1145 2560 1183 2618 sic

171 2654 383 2726 temperantur,
408 2651 484 2708 bono
501 2650 597 2709 calore
612 2669 665 2710 suo
681 2651 862 2726 praedictam
877 2649 1083 2709 infirmitatem
1106 2649 1180 2708 miti·

172 2742 250 2814 gant.
293 2740 331 2797 Et
360 2739 451 2798 etiam
472 2739 572 2813 pulvis
596 2759 698 2798 aarum
720 2759 778 2799 non
801 2739 943 2799 calefacto
966 2738 1038 2798 vinc
1062 2742 1168 2815 propte

171 2829 337 2887 naturalem
369 2829 548 2887 suavitatem
582 2829 645 2887 eius
678 2831 859 2904 temperatus
893 2846 982 2889 venas
1018 2828 1128 2888 frontis
1155 2846 1209 2885 er

130 2928 158 2973 30
171 2935 259 2976 venas
275 2921 443 2992 temporum
460 2937 493 2976 ac
507 2937 596 2976 venas
612 2919 747 2993 pectoriS,
770 2937 847 2994 quae
863 2937 917 2993 per
931 2918 1007 2977 iram
1024 2936 1138 2977 commo
1157 2940 1227 2967 τε

172 3013 249 3081 sunt,
274 3008 384 3082 sedant,
409 3010 444 3065 ut
466 3008 634 3082 praelatum
657 3010 709 3070 est.

237 3096 282 3154 De
306 3097 455 3155 oculmum
483 3097 611 3170 euliqioe
633 3114 669 3156 cc
690 3099 768 3169 ttetm
816 3089 906 3177 ¹)Qui
935 3095 970 3154 de
998 3095 1074 3156 fletu
1101 3095 1186 3155 lacri-

171 3187 288 3244 nicrum
312 3187 343 3243 in
367 3186 460 3245 oculis
483 3186 600 3262 caligat,
623 3185 671 3244 hie
694 3185 885 3244 millefolium
907 3185 956 3245 vel
976 3185 1108 3245 radicem
1122 3185 1202 3244 eiu,

171 3276 298 3351 accipiat
325 3278 354 3333 et
377 3275 414 3333 ad
439 3293 560 3333 succum
583 3275 698 3334 modice
720 3275 829 3334 tundat
851 3275 1008 3333 attritam
1032 3274 1125 3334 oculis
1151 3299 1155 3323 =
1201 3289 1230 3314 ·

131 3375 158 3420 35
171 3369 287 3424 noctem
310 3368 499 3440 superponat,
523 3364 566 3423 ita
588 3368 688 3423 tamen
711 3384 747 3423 ne
770 3382 875 3423 succus
898 3364 962 3424 eius
985 3365 1088 3423 oculos
1110 3365 1228 3422 nta-

237 3556 260 3627 1)
281 3575 304 3612 v.
319 3556 422 3630 32-p.
438 3555 510 3626 199p
531 3578 564 3600 -
580 3554 679 3627 iligna
698 3556 765 3610 1175
784 3553 917 3610 D—lltti
937 3553 971 3609 D.
