2438 3854
327 130 471 188 censen
488 132 535 188 nr
554 131 674 220 cusin
692 131 760 189 nra.
778 131 813 186 11.
1012 135 1073 195 147

57 317 271 376 infirmitatum
286 316 398 377 crescit.
444 316 502 388 Qui
525 320 625 376 autem
647 317 679 375 in
701 316 777 376 facie
798 315 895 389 rubet,
919 334 987 375 cum
1001 314 1075 373 iras-

59 407 149 478 citur,
174 405 262 465 huius
284 406 405 482 sanguis
428 406 464 465 de
488 408 557 466 felle
579 407 674 466 fervet
697 405 792 464 etita
814 405 851 464 ad
874 404 979 464 faciem
994 404 1076 462 duci-

57 499 119 571 tur,
156 498 187 554 et
216 495 272 554 iste
302 499 424 570 repente
448 499 478 555 et
500 497 586 556 valde
608 496 640 554 in
662 496 737 554 iram
772 496 918 562 movetur,
952 494 1003 554 sed
1032 495 1077 552 ira

59 587 124 644 eius
148 584 207 643 cito
232 585 441 660 compescitur,
472 589 508 645 ut
530 586 639 662 aliquis
660 603 785 662 magnus
808 584 916 654 fervor,
941 583 1075 660 quisito

59 674 148 748 cadit,
173 676 204 732 et
227 692 263 732 ex
284 674 340 733 hac
362 675 408 733 ira
430 694 488 734 non
511 675 642 734 multum
665 675 795 733 laeditur
817 692 870 733 nec
892 675 923 731 in
953 683 1103 748 corporeo
1197 685 1200 689 ·

60 763 176 822 arescit.
221 762 261 822 Et
292 781 377 838 saepe
409 783 439 824 se
466 783 525 823 non
547 764 700 825 vindicans
722 764 833 840 absque
856 762 987 821 vindicta
1008 780 1073 837 per-

58 852 177 912 transit.
219 851 276 911 Sed
308 853 361 929 qui
392 853 423 911 in
449 854 524 912 facie
555 853 656 929 pallet,
689 872 758 912 cum
779 853 811 910 in
833 852 910 910 iram
932 853 1076 925 movetur,

58 943 151 1000 huius
174 941 220 999 ira
234 942 303 1000 talis
318 945 371 1016 est,
395 942 477 1018 quod
496 944 527 1001 in
552 945 617 1018 ipso
633 943 808 1002 melancolia
823 941 977 1012 excitatur,
1000 959 1076 1015 quae

60 1031 184 1107 quidem
207 1031 381 1106 sangninem
408 1032 471 1090 eius
502 1051 562 1091 non
596 1036 704 1106 movet,
738 1031 788 1091 sed
822 1032 961 1089 humores
994 1029 1076 1087 illius

59 1119 208 1195 paulatim
238 1120 404 1195 conturbat,
437 1121 480 1180 ita
511 1121 593 1197 quod
619 1121 709 1181 homo
738 1141 773 1180 ex
794 1121 851 1179 hoc
873 1119 1076 1197 infrigidatur,
1090 1125 1117 1171 10

60 1212 91 1269 et
115 1208 195 1284 quod
219 1208 297 1268 vires
320 1210 383 1268 eius
405 1209 611 1287 infringuntur
641 1213 670 1268 et
700 1210 883 1283 mollescunt,
916 1213 947 1268 et
977 1209 1019 1267 sic
1048 1207 1079 1264 in

59 1297 137 1357 facie
160 1297 252 1373 pallet
274 1297 351 1357 irem
373 1301 484 1376 tegens.
518 1299 575 1358 Sed
597 1300 717 1368 interim
740 1300 818 1357 mala
839 1299 977 1357 voluntas
1000 1315 1078 1356 acer-

58 1388 114 1447 bae
138 1386 262 1445 ultionis
285 1387 316 1445 in
339 1407 372 1447 eo
396 1389 504 1466 surgit,
529 1407 604 1464 quae
627 1389 670 1446 ita
693 1389 843 1465 perdurat,
868 1387 948 1463 quod
970 1405 1079 1446 senon

57 1477 141 1537 valet
163 1475 316 1552 abstinere,
340 1478 414 1553 quin
437 1479 513 1536 iram
536 1496 621 1536 suam
643 1478 782 1539 vindicet.

128 1565 174 1624 Dc
196 1567 348 1638 suspiriis.
392 1567 432 1626 Et
463 1568 515 1626 isti
545 1568 718 1626 multotiens
750 1567 786 1626 ab
818 1567 864 1624 ira
886 1584 940 1624 sua
962 1564 994 1622 in
1017 1573 1119 1622 cor-15

57 1673 133 1731 pore
150 1655 294 1731 languent
309 1658 341 1714 et
354 1660 498 1733 arescunt,
523 1657 621 1715 anime
643 1675 713 1715 vero
736 1655 889 1715 scientiam
904 1656 935 1712 et
949 1653 1078 1713 intellec

58 1751 127 1804 tum
152 1743 249 1807 habet.
294 1744 379 1804 Unde
403 1764 472 1805 cum
495 1746 616 1822 cogitat,
639 1745 718 1804 unde
740 1745 780 1804 sit
803 1748 834 1804 et
856 1742 930 1819 quid
945 1743 992 1818 sit,
1015 1761 1077 1801 sus·

57 1833 138 1909 piria
166 1833 327 1892 introrsum
360 1834 461 1910 trahit,
496 1835 616 1894 homine
646 1836 807 1912 ignorante,
841 1834 920 1892 unde
952 1831 1079 1909 suspiria

57 1921 114 1983 'illa
148 1922 216 1984 sint.
271 1921 346 1982 Cum
380 1927 480 1983 autem
513 1924 665 1984 interdum
698 1926 752 1982 aut
783 1922 992 1983 contumeliam
1027 1924 1080 1980 aut

58 2010 227 2070 molestiam
251 2016 304 2070 aut
327 2013 410 2071 aliud
433 2014 547 2090 aliquid
563 2014 679 2073 adversi
695 2032 801 2089 corpus
817 2032 906 2072 suum
920 2029 1079 2086 passurum
1092 2017 1120 2062 20

58 2099 187 2160 senserit
208 2119 262 2159 nec
283 2101 339 2160 hoc
361 2102 517 2178 prohibere
540 2122 570 2162 se
599 2121 685 2178 posse
711 2103 900 2178 intellexerit,
932 2101 993 2159 alta
1014 2118 1079 2159 sus-

56 2189 139 2266 piria
161 2191 323 2249 introrsum
345 2191 447 2254 trahit.

128 2278 173 2338 Dc
196 2280 339 2339 lacrima
376 2280 416 2340 Et
437 2282 481 2340 ita
504 2282 540 2340 de
562 2280 738 2340 humoribus
754 2281 822 2357 illis,
847 2279 945 2356 quiin
961 2277 1078 2336 homine

58 2372 142 2443 sunt,
172 2369 256 2427 velut
283 2388 401 2428 amarus
428 2370 528 2430 fumus
556 2389 609 2447 per
635 2371 791 2430 tristitiam
819 2368 972 2446 egrediens
1002 2366 1079 2425 circa

57 2476 111 2516 cor
134 2458 294 2534 spargitur,
319 2458 372 2534 qui
394 2459 505 2531 tabem,
536 2460 647 2519 scilicet
670 2479 778 2536 aquam
802 2459 838 2516 de
853 2457 997 2532 sanguine
1013 2473 1076 2514 cor·
1092 2463 1119 2507 25

57 2547 107 2606 dis
130 2546 218 2606 etde
241 2549 384 2623 sanguine
407 2549 533 2608 aliarum
550 2568 699 2618 venarum,
722 2567 791 2607 cum
806 2545 974 2606 excussione
989 2543 1078 2620 gemi-

56 2641 150 2695 tuum
180 2639 302 2713 snperat
331 2657 365 2697 ec
395 2657 458 2696 eam
489 2638 530 2697 sic
558 2656 676 2696 sursum
699 2656 753 2712 per
773 2653 862 2695 venas
885 2633 1018 2692 ducendo
1042 2632 1079 2691 ad

58 2726 184 2784 venulas
208 2726 321 2785 cerebri
345 2727 431 2803 quasi
454 2726 596 2785 fumando
619 2726 715 2784 mittit
737 2728 768 2784 et
790 2743 842 2799 per
864 2723 931 2782 illas
954 2722 991 2782 ad
1007 2740 1076 2782 ocu·

57 2816 105 2873 los
129 2814 224 2887 ducit,
257 2810 330 2891 ‘quia
353 2819 383 2874 et
407 2816 486 2874 oculi
510 2816 658 2892 quandam
681 2814 886 2891 cognationem
909 2812 947 2870 ad
970 2831 1078 2888 aquam

57 2905 179 2966 habent.
224 2905 264 2962 Et
285 2905 329 2963 ita
351 2925 430 2981 aqua
452 2905 504 2962 illa
527 2924 562 2963 ex
594 2904 687 2963 oculis
718 2903 787 2962 fluit
809 2906 840 2961 et
861 2901 917 2961 hoc
939 2901 1077 2961 lacrimae
1090 2909 1118 2954 co

58 2996 140 3053 sunt.
185 2992 261 3052 Nem
291 3013 369 3070 aqua
395 2994 584 3053 lacrimarum
611 2991 668 3052 hoc
689 2993 777 3052 modo
801 2991 837 3051 de
859 2993 1003 3069 sanguine
1025 2991 1076 3049 hc·

58 3083 147 3141 minis
169 3103 223 3159 per
246 3084 374 3160 suspiria
396 3084 565 3161 gemituum
588 3081 768 3154 extrahitur,
799 3083 884 3142 velut
906 3100 1003 3141 semen
1026 3081 1076 3138 ho·

58 3172 151 3232 minis
173 3192 207 3231 ex
230 3173 362 3231 medulla
384 3175 415 3232 et
438 3173 474 3231 de
496 3172 639 3249 sunguine
663 3172 726 3230 eius
742 3171 888 3236 educitur.
925 3170 1077 3230 Lacrimae

59 3265 162 3321 autem
194 3263 229 3320 de
259 3262 384 3321 tristitia
415 3261 536 3320 abortae
559 3261 644 3320 velut
675 3260 705 3319 in
728 3280 827 3320 amaro
851 3262 934 3319 sumo
958 3276 1078 3318 sursum

57 3351 98 3410 ad
130 3351 232 3410 oculos
266 3351 439 3422 ascendunt,
472 3353 507 3408 ut
538 3349 725 3426 praedictum
756 3352 811 3425 est,
842 3353 872 3409 et
903 3347 1077 3425 sanguinem
1090 3354 1117 3398 35

56 3440 188 3500 hominis
211 3441 377 3501 arefaciunt
408 3443 438 3499 et
470 3458 587 3499 carnem
615 3441 765 3498 macerant
797 3441 828 3498 et
859 3437 1009 3497 hominem
1042 3438 1078 3493 ut

62 3529 137 3588 mali
160 3529 218 3589 cibi
240 3530 364 3588 laedunt
392 3533 482 3605 atque
515 3529 672 3605 caliginem
694 3527 789 3589 oculis
811 3527 951 3589 inferunt.
997 3525 1077 3595 Quae

929 3626 988 3680 KQ*
