2460 3862
124 120 165 179 84
509 109 756 167 mesaneos
784 72 790 79 ’

122 297 275 374 vigilantis
298 299 435 372 occupat,
467 295 511 355 ita
542 295 623 371 quod
654 296 705 355 ille
734 296 766 355 in
797 298 973 372 tempestate
1003 295 1060 356 bac
1092 294 1140 355 ob·

123 386 242 456 dormit,
270 388 343 444 tnnc
371 385 539 461 saepissime
566 386 640 446 falsa
668 388 746 458 sunt,
775 404 850 463 quaa
873 384 1023 445 dormiens
1051 383 1142 455 videt

123 475 263 552 quoniam
294 475 416 535 scientia
443 475 556 534 animae
584 475 649 535 eius
677 476 709 533 in
730 474 777 534 his
800 473 1066 534 contrarietatibus
1088 473 1143 533 hoc

122 566 212 625 modo
235 563 407 625 obnubilata
430 569 487 637 est,
516 563 597 640 quod
619 583 689 624 vera
712 562 812 624 videre
834 583 893 623 non
915 566 1028 638 potast3
1060 563 1144 623 velut

97 655 198 713 sluaa
220 654 251 713 in
277 653 504 731 tempestatibus
530 653 656 713 nubium
685 654 764 712 clare
795 673 854 714 non
880 653 963 712 valet
992 670 1144 729 apparere.

124 744 164 802 Et
187 743 330 819 quoniam
352 744 450 802 anima
472 743 550 820 ignis
574 746 631 818 est,
663 742 791 802 halitum
814 741 989 802 dormientis
1016 741 1144 800 hominis

124 832 274 892 moderate
293 832 410 892 inducit
424 835 454 890 et
472 832 579 906 educit,
601 851 638 891 ne
661 850 769 907 corpus
791 831 870 890 illud
891 833 1039 903 vastatum
1063 830 1145 891 velut

123 922 236 999 figulus
259 940 310 981 vas
332 939 421 980 suum
444 920 481 979 ad
503 921 602 997 ignem
625 938 753 996 coquens
775 923 869 997 cavet,
892 939 929 979 na
952 920 1032 996 ignis
1054 937 1145 996 snpra

124 1009 248 1070 modum
271 1008 383 1070 calidus
406 1012 459 1068 aut
474 1009 603 1085 frigidus
618 1009 665 1080 sit,
689 1010 760 1085 quia
779 1011 805 1069 si
820 1009 1016 1069 immoderate
1032 1007 1145 1068 calidus

84 1110 112 1155 10
125 1102 209 1172 esset,
233 1117 285 1158 vas
306 1098 413 1174 fragile
435 1098 548 1157 factum
571 1118 605 1158 ex
627 1100 691 1158 toto
715 1099 904 1162 dilaberetur.

191 1190 239 1248 De
260 1189 365 1249 halitu.
411 1186 497 1257 Quod
529 1188 554 1246 si
583 1187 673 1246 homo
706 1188 834 1248 halitum
865 1185 1086 1264 ingredientem
1116 1188 1145 1245 et

125 1277 326 1354 egredientem
347 1295 377 1335 se
400 1295 459 1335 non
481 1275 611 1352 haberet,
634 1280 706 1336 tunc
729 1277 820 1337 etiarn
843 1276 990 1354 corporali
1013 1275 1145 1336 motione

125 1369 237 1427 careret
258 1385 312 1425 nec
334 1366 454 1443 sanguia
477 1365 540 1424 eins
568 1365 704 1445 liquidus
735 1372 810 1426 esset
836 1385 889 1425 nec
916 1366 1037 1438 flueret,
1070 1365 1146 1425 sicut

125 1459 214 1516 etiam
237 1473 290 1514 nec
312 1474 390 1530 aqua
412 1454 481 1514 fluit
503 1455 566 1514 sine
590 1454 684 1514 ductu
707 1457 792 1516 aeria.

86 1557 113 1601 15
193 1545 239 1604 De
260 1545 381 1603 animae
404 1548 430 1603 et
453 1545 556 1603 carata
579 1546 795 1605 contrarietate.
841 1543 899 1602 Sed
927 1547 958 1603 et
979 1543 1082 1601 anima
1104 1544 1146 1602 est

126 1634 308 1709 spiraculum
331 1633 368 1690 ad
395 1633 471 1693 bona
498 1632 633 1709 tendens,
667 1652 734 1692 caro
762 1636 863 1692 autem
890 1632 927 1690 ad
950 1636 1087 1709 peccata,
1119 1638 1147 1690 et

126 1740 193 1782 raro
217 1724 247 1781 et
268 1723 318 1781 vix
342 1741 448 1798 corpus
471 1722 621 1782 interdum
642 1723 790 1783 continere
811 1724 918 1797 potest,
941 1721 1015 1797 quin
1038 1722 1146 1797 peccet,

127 1811 206 1870 siout
228 1815 259 1869 et
281 1811 325 1870 sol
346 1812 518 1871 vermiculis
540 1812 675 1872 resistere
698 1830 758 1871 non
780 1813 875 1885 valet,
905 1810 978 1886 quin
1008 1809 1147 1870 deterre

52 1957 56 1968 ,
126 1901 157 1958 in
179 1899 232 1958 illo
255 1901 319 1959 loco
343 1904 457 1976 exeant,
486 1919 576 1977 quem
598 1901 660 1976 ipse
682 1902 714 1960 in
737 1900 892 1976 splendore
916 1902 947 1959 et
969 1900 1072 1959 calore
1095 1917 1147 1959 suo

87 1999 115 2044 no
128 1989 272 2048 calefacit.
318 1986 429 2048 Sedet
464 1991 560 2048 anima
579 1994 624 2049 est
654 1990 818 2050 insufflatio
847 1988 978 2065 corporis
1009 1992 1047 2048 ut
1068 1988 1148 2048 follia

126 2077 212 2154 ignis,
236 2078 314 2153 qnia,
337 2077 390 2136 ubi
412 2078 496 2155 ligna
518 2083 548 2138 et
562 2098 675 2156 prunae
691 2081 853 2154 ponuntur,
876 2077 920 2136 ibi
941 2077 1024 2137 follis
1048 2077 1147 2154 ignem

128 2166 273 2241 accendit;
304 2167 347 2225 ita
376 2167 465 2226 etiam
492 2171 522 2227 et
549 2170 646 2227 anima
677 2187 744 2227 cum
772 2186 896 2243 corpore
925 2170 957 2226 et
978 2166 1097 2226 ossibus
1119 2168 1149 2225 et

128 2256 227 2316 nervis
250 2259 281 2315 et
296 2276 381 2316 carne
397 2257 603 2334 compaginata
626 2256 662 2316 ad
687 2276 821 2333 quaeque
843 2275 934 2332 opera
957 2272 988 2314 se
1010 2255 1148 2325 inclinat3

128 2365 182 2406 nec
205 2345 276 2405 haec
300 2346 449 2405 dimittere
471 2350 583 2422 potest,
616 2346 760 2422 quamdiu
782 2346 814 2403 in
836 2363 959 2421 corpore
988 2348 1048 2416 ast,
1079 2343 1150 2420 quia

88 2445 116 2491 25
129 2435 261 2495 medulla
284 2434 398 2495 ossibus
421 2439 452 2494 et
474 2436 554 2494 carni
586 2439 675 2510 atque
708 2434 846 2494 omnibus
873 2433 1013 2493 membris
1042 2433 1086 2492 ita
1107 2433 1149 2491 in·

129 2526 187 2583 fixa
211 2529 254 2584 est
276 2529 312 2584 ut
335 2525 435 2598 homo,
465 2524 518 2599 qui
540 2528 645 2584 trunco
668 2524 744 2601 ligni
767 2525 808 2583 sio
831 2523 982 2600 infigitur,
1015 2522 1099 2598 quod
1122 2538 1151 2580 se

130 2614 167 2672 ab
190 2614 243 2673 illo
266 2631 368 2673 eruere
388 2633 446 2672 non
461 2613 550 2673 valet.
583 2614 723 2672 Attamen
739 2617 776 2672 ut
790 2632 869 2689 aqua
884 2613 984 2689 ignem
998 2610 1153 2671 interdum

38 2704 40 2709 ’
131 2703 289 2780 extinguit,
305 2723 342 2761 ne
357 2702 583 2778 supramodum
600 2702 707 2774 ardeat,
731 2703 773 2761 sic
788 2705 818 2761 et
833 2701 933 2761 anima
948 2720 1004 2777 per
1019 2700 1152 2777 gratiam

134 2791 181 2849 dei
204 2792 307 2849 adiuta
330 2796 359 2851 et
381 2810 435 2867 per
456 2791 691 2850 rationalitatem
707 2791 860 2850 admonita
874 2791 949 2850 vitia
963 2793 1154 2866 peccatorum

97 2890 125 2936 30
139 2881 298 2954 aliquando
323 2881 471 2955 deprimit,
495 2900 531 2938 ne
554 2899 645 2957 supra
668 2880 790 2939 modum
813 2883 974 2956 exsurgant
996 2882 1028 2939 et
1047 2895 1155 2938 excres-

140 2971 217 3031 cant.
244 2967 301 3027 Sed
323 2973 482 3044 postquam
505 2969 635 3028 medulla
658 2969 831 3029 dormientis
847 2967 1001 3029 crescendo
1024 2971 1156 3028 recreata

139 3058 244 3127 fuerit,
278 3061 308 3116 et
330 3061 487 3132 postquam
510 3058 607 3117 anima
628 3062 722 3118 totam
750 3058 955 3136 compaginem
983 3056 1157 3117 dormientis

140 3147 271 3223 corporis
287 3147 493 3223 composuerit,
508 3149 573 3223 ipsa
589 3167 708 3208 suavem
723 3151 854 3222 ventum,
872 3167 961 3224 quem
977 3146 1013 3206 de
1028 3146 1159 3206 medulla

140 3238 178 3295 ad
201 3236 330 3312 quietem
354 3236 481 3295 hominis
504 3237 614 3309 emisit,
639 3239 677 3296 ad
699 3256 729 3296 se
751 3237 915 3314 recolligit,
949 3239 979 3296 et
1006 3237 1049 3297 sic
1072 3235 1159 3296 homo

96 3338 126 3383 ³5
139 3326 269 3400 evigilat.
315 3324 391 3384 Cum
426 3329 526 3384 autem
562 3326 715 3386 interdum
749 3344 834 3401 saepe
868 3326 989 3403 vigilat,
1026 3329 1058 3384 et
1091 3343 1161 3385 cum

140 3417 250 3475 iterum
282 3415 390 3473 totiens
420 3418 541 3490 repente
571 3415 731 3492 obdormit,
764 3421 837 3475 tnnc
869 3414 1001 3473 medulla
1027 3413 1161 3473 nondum

138 3504 353 3582 plenitudinem
390 3510 420 3563 et
456 3504 663 3565 fortitudinem
703 3523 787 3565 suam
824 3503 947 3579 recepit,
985 3521 1039 3563 nec
1070 3503 1161 3563 etiam
