2460 3862
132 128 195 188 152
517 124 763 182 mnuasnnnrs

130 327 164 368 eo
187 311 265 384 sunt,
289 310 455 368 commoret
477 311 568 384 atque
590 308 683 383 ipsius
706 308 820 384 cibum,
848 327 938 385 quem
960 306 1064 383 sumit,
1089 326 1133 368 neo

130 400 211 456 recto
235 400 265 455 et
286 396 417 456 naturali
439 398 567 456 introitu
589 397 741 473 permittit
762 397 948 458 stomachum
963 397 1074 457 intrare
1088 415 1133 457 nec

129 488 210 545 recto
233 489 264 544 et
286 487 415 546 naturali
439 487 521 546 exitu
544 486 630 557 arira,
653 486 704 545 sed
725 487 799 546 facit
821 505 890 546 eum
904 487 1097 546 fluctuantem
1110 490 1134 546 et

129 575 347 648 turbulentum,
359 576 444 635 velut
454 576 539 652 putei
555 579 585 635 et
599 576 723 651 plateae,
735 580 827 653 atque
842 576 965 635 vitalem
981 580 1013 634 et
1027 580 1135 635 natura·

103 665 191 723 tlem
213 683 309 723 aerem
331 665 361 723 in
385 684 418 725 eo
442 667 585 740 attenuat,
609 666 641 723 et
662 665 729 724 ideo
753 666 843 724 otiam
866 663 950 724 cibus
973 664 1012 723 ad
1034 667 1135 726 rectam

131 756 161 812 et
183 754 347 812 naturalem
370 754 566 831 digestionem
586 754 618 812 in
641 754 705 830 ipso
722 755 846 831 excoqui
860 772 918 813 uon
934 756 1042 830 potest,
1065 754 1134 813 unde

132 842 222 902 etiam
244 843 418 903 semicoctas
441 846 470 902 et
493 844 578 919 quasi
601 843 699 902 tenuis
721 843 820 902 fluxus
842 843 879 902 ab
902 843 966 919 ipso
982 843 1133 920 agreditur.

194 933 240 992 De
263 933 448 996 dissinteria,
494 931 644 1002 Quaedam
667 936 767 992 autem
794 931 978 1010 gracillimus
1001 933 1134 992 vanaeot

130 1021 305 1098 sanguineae
320 1020 496 1095 cuteculam,
511 1021 623 1080 scilicet
645 1021 852 1097 membranam,
867 1021 900 1080 in
916 1041 976 1097 qua
992 1021 1134 1080 cerebrum

89 1123 115 1166 ro
128 1110 255 1169 hominis
277 1110 463 1170 reconditum
487 1113 544 1184 est,
577 1110 774 1185 circumdant,
807 1113 838 1169 et
859 1109 914 1168 hae
944 1109 1051 1170 infixas
1076 1112 1135 1170 sunt

130 1199 196 1258 aliis
219 1200 383 1259 maioribus
405 1199 497 1265 venis.
521 1219 597 1276 quac
619 1199 657 1259 ad
680 1218 731 1259 cor
753 1203 784 1258 et
807 1198 844 1257 ad
866 1199 949 1258 iecur
971 1203 1003 1258 et
1026 1199 1063 1258 ad
1080 1199 1134 1275 pul·

129 1306 247 1347 monem
270 1292 301 1347 et
323 1288 360 1347 ad
382 1288 567 1347 stomachum
589 1290 680 1364 atque
704 1288 740 1346 ad
763 1290 902 1348 universa
925 1288 987 1348 eius
1008 1288 1135 1348 intestina

128 1377 318 1448 descendunt,
352 1380 383 1436 et
411 1377 585 1453 sanguinem
616 1378 660 1436 ita
687 1377 849 1436 maioribus
879 1377 960 1437 venis
991 1377 1053 1436 illis
1079 1377 1134 1436 sub·

128 1467 305 1541 ministrant,
328 1467 413 1526 velut
436 1466 559 1541 quidam
580 1467 666 1540 parvi
688 1467 788 1538 rivuli,
819 1466 874 1543 qui
902 1484 994 1543 aquas
1018 1463 1134 1526 suased

88 1567 115 1611 15
129 1556 241 1615 maiora
262 1555 386 1614 fiumina
409 1555 556 1616 deferunt.
599 1555 725 1614 Maiores
748 1557 849 1614 autem
870 1555 940 1613 illae
963 1574 1054 1614 venae
1076 1558 1136 1614 sunt

132 1646 217 1721 quasi
239 1664 348 1721 magna
370 1644 500 1716 fiumina,
525 1663 600 1720 quae
623 1645 735 1704 fluenta
757 1663 811 1703 sua
834 1663 889 1720 per
911 1644 1079 1721 provincias
1093 1645 1136 1703 du-

129 1737 212 1808 cunt,
235 1736 265 1792 et
287 1737 324 1791 ut
347 1733 469 1808 canales,
492 1732 598 1809 quiin
622 1733 754 1792 aedificia
777 1752 885 1810 aquam
907 1737 1031 1810 portant
1053 1736 1083 1792 et
1103 1730 1137 1792 ibi

129 1822 291 1884 effundunt.
348 1820 424 1880 Cum
458 1842 528 1899 ergo
560 1822 633 1880 mali
662 1822 801 1882 humores
832 1823 864 1880 in
894 1823 997 1899 aliquo
1030 1821 1137 1883 homine

129 1911 454 1987 superhabundaverint
486 1915 516 1970 ct
541 1911 671 1987 reliquas
703 1912 807 1985 febres,
839 1930 915 1988 quac
937 1913 969 1970 in
991 1911 1046 1971 illo
1069 1914 1138 1982 sunt.

87 2011 116 2057 so
129 2001 159 2058 in
182 2000 407 2059 commotionem
430 2000 577 2076 dederint,
607 2003 681 2060 tunc
707 2001 792 2060 velut
820 2001 968 2076 quandam
996 2003 1027 2060 et
1048 2001 1138 2061 incon·

129 2109 235 2167 gruem
249 2089 472 2148 inundationem
488 2089 518 2147 in
539 2108 572 2148 eo
588 2092 702 2166 parant,
726 2109 802 2166 quac
818 2089 966 2166 quandam
975 2091 1103 2166 spissum
1113 2092 1139 2149 et

129 2179 240 2236 malum
264 2179 380 2237 fumum
403 2178 601 2256 fumigantem
616 2178 653 2237 ad
669 2179 822 2238 cerebrum
837 2179 919 2237 illius
935 2197 1059 2257 surgere
1073 2179 1139 2239 facit

128 2272 158 2327 et
182 2287 257 2344 quae
281 2269 402 2327 venulas
426 2268 501 2343 illas,
537 2287 614 2344 quae
638 2267 792 2326 cerebrum
814 2267 1016 2344 circumdant,
1047 2285 1139 2328 omncs

128 2357 159 2415 in
182 2357 365 2416 contrarium
387 2357 510 2415 modum
539 2357 741 2416 fluctuationis
764 2358 864 2419 vertit.
909 2357 992 2416 Tunc
1016 2357 1138 2434 sanguis¹

85 2460 113 2504 25
130 2447 184 2522 qui
211 2447 241 2505 in
270 2447 343 2522 ipsis
375 2449 428 2521 est,
460 2464 552 2521 supra
581 2446 704 2504 modum
736 2446 859 2505 effluens
891 2445 1017 2506 maiores
1049 2464 1139 2516 vanas,

130 2537 239 2611 quibus
254 2536 343 2611 ipsae,
369 2538 405 2593 ut
420 2535 604 2609 praedictum
621 2538 673 2610 est,
695 2535 801 2593 infixae
821 2538 898 2610 suni,
922 2552 1024 2595 omnes
1039 2538 1139 2605 movet,

128 2625 171 2682 ita
202 2625 282 2700 quod
315 2627 345 2682 et
367 2624 436 2683 illae
464 2625 494 2682 in
518 2625 694 2683 contrariam
716 2623 941 2683 inundationem
962 2625 1140 2684 effluuutot

129 2714 211 2788 quod
234 2714 407 2790 sanguinem
430 2732 518 2772 suum
540 2733 594 2790 per
616 2715 713 2772 totum
736 2731 844 2789 corpus
868 2712 1041 2774 diffundunt
1063 2719 1093 2774 et
1107 2711 1139 2772 ad

128 2802 269 2860 intestina
292 2805 322 2861 et
344 2804 381 2861 ad
405 2802 597 2878 digestionem
622 2802 773 2864 emittunt.
819 2802 859 2861 Et
881 2803 924 2862 sic
946 2804 1070 2881 sanguis
1092 2803 1138 2863 illa

86 2901 115 2946 30
128 2889 276 2949 intestinis
300 2896 330 2950 et
352 2891 514 2951 visceribus
538 2910 571 2950 ao
591 2891 751 2968 digestioni
766 2892 931 2966 permixtus
946 2891 1138 2968 digestionem

126 2980 316 3056 sanguineam
339 2981 421 3056 facit,
444 2983 487 3039 ita
510 2981 590 3056 quod
613 2981 702 3038 etiam
725 2981 788 3057 ipse
811 2981 933 3057 sanguis
956 2999 1026 3040 cum
1049 2982 1138 3058 diges-

124 3068 205 3127 tione
228 3069 389 3145 agreditur.

191 3159 237 3217 Do
259 3159 446 3232 aemoptoioo.
491 3157 548 3217 Sed
575 3179 644 3218 cum
671 3158 742 3216 mali
773 3163 803 3217 et
831 3159 962 3219 concreti
993 3177 1028 3219 ac
1057 3177 1140 3219 vene·

123 3248 188 3306 nosi
211 3247 350 3307 humores
373 3248 405 3305 in
420 3246 537 3307 homine
559 3247 893 3325 superhabundaverint,
916 3248 1063 3325 sanguini,
1088 3247 1138 3324 qui

83 3347 110 3393 35
124 3356 178 3412 per
201 3356 290 3396 venas
312 3337 445 3412 corporis
468 3337 616 3411 discurrit,
639 3339 754 3396 rectum
777 3341 909 3397 meatum
936 3338 1086 3409 auferunt,
1109 3339 1137 3396 st

124 3426 249 3485 eundem
273 3427 446 3504 sanguinem
468 3426 571 3485 vitalia
594 3430 624 3486 et
646 3428 758 3486 viscera
779 3427 891 3486 iniusto
907 3426 1013 3486 itinere
1029 3428 1138 3486 intrare

129 3520 250 3592 coguut,
278 3516 356 3576 unde
379 3516 466 3575 homo
488 3515 541 3574 ille
562 3536 616 3592 per
639 3516 853 3576 excreationem
875 3519 906 3575 ot
927 3535 983 3592 por
1005 3515 1137 3576 nausiam
