<?xml version="1.0" encoding="UTF-8"?>
<!DOCTYPE html PUBLIC "-//W3C//DTD XHTML 1.0 Transitional//EN"
    "http://www.w3.org/TR/xhtml1/DTD/xhtml1-transitional.dtd">
<html xmlns="http://www.w3.org/1999/xhtml" xml:lang="en" lang="en">
 <head>
  <title>
</title>
<meta http-equiv="Content-Type" content="text/html;charset=utf-8" />
  <meta name='ocr-system' content='tesseract 3.04.00' />
  <meta name='ocr-capabilities' content='ocr_page ocr_carea ocr_par ocr_line ocrx_word'/>
</head>
<body>
  <div class='ocr_page' id='page_1' title='image "./hildegardiscaus01hildgoog_0010.png"; bbox 0 0 2460 3862; ppageno 0'>
   <div class='ocr_carea' id='block_1_1' title="bbox 478 108 1089 172">
    <p class='ocr_par' dir='ltr' id='par_1_1' title="bbox 478 108 1089 172">
     <span class='ocr_line' id='line_1_1' title="bbox 478 108 1089 172; baseline 0 -9"><span class='ocrx_word' id='word_1_1' title='bbox 478 108 691 166; x_wconf 73' lang='lat' dir='ltr'><strong>PRAEFATIO.</strong></span> <span class='ocrx_word' id='word_1_2' title='bbox 1065 115 1089 172; x_wconf 86' lang='lat' dir='ltr'>V</span> 
     </span>
    </p>
   </div>
   <div class='ocr_carea' id='block_1_2' title="bbox 77 292 1148 2416">
    <p class='ocr_par' dir='ltr' id='par_1_2' title="bbox 77 292 1148 2416">
     <span class='ocr_line' id='line_1_2' title="bbox 80 292 1091 371; baseline -0.006 -14"><span class='ocrx_word' id='word_1_3' title='bbox 80 295 314 371; x_wconf 79' lang='grc'><strong>12333331313333</strong></span> <span class='ocrx_word' id='word_1_4' title='bbox 329 293 420 364; x_wconf 83' lang='grc'><strong>12433</strong></span> <span class='ocrx_word' id='word_1_5' title='bbox 435 293 616 352; x_wconf 87' lang='lat' dir='ltr'>demonstrat</span> <span class='ocrx_word' id='word_1_6' title='bbox 631 294 725 365; x_wconf 81' lang='grc'><strong>12633</strong></span> <span class='ocrx_word' id='word_1_7' title='bbox 740 292 860 352; x_wconf 79' lang='lat' dir='ltr'>ieiuno?</span> <span class='ocrx_word' id='word_1_8' title='bbox 876 293 970 367; x_wconf 84' lang='grc'><strong>12933</strong></span> <span class='ocrx_word' id='word_1_9' title='bbox 983 293 1091 351; x_wconf 74' lang='lat' dir='ltr'>ilium?</span> 
     </span>
     <span class='ocr_line' id='line_1_3' title="bbox 80 383 1092 461; baseline -0.003 -15"><span class='ocrx_word' id='word_1_10' title='bbox 80 385 174 456; x_wconf 77' lang='grc'><strong>13533</strong></span> <span class='ocrx_word' id='word_1_11' title='bbox 204 383 393 443; x_wconf 73' lang='lat' dir='ltr'>hominibus?</span> <span class='ocrx_word' id='word_1_12' title='bbox 424 404 449 443; x_wconf 86' lang='grc'><strong>33</strong></span> <span class='ocrx_word' id='word_1_13' title='bbox 477 384 603 455; x_wconf 68' lang='lat' dir='ltr'>scriptor</span> <span class='ocrx_word' id='word_1_14' title='bbox 632 386 742 455; x_wconf 71' lang='lat' dir='ltr'>spectat</span> <span class='ocrx_word' id='word_1_15' title='bbox 772 383 813 440; x_wconf 83' lang='grc'><strong>331</strong></span> <span class='ocrx_word' id='word_1_16' title='bbox 839 401 872 455; x_wconf 79' lang='lat' dir='ltr'><strong>p.</strong></span> <span class='ocrx_word' id='word_1_17' title='bbox 907 385 1008 458; x_wconf 86' lang='grc'><strong>19033</strong></span> <span class='ocrx_word' id='word_1_18' title='bbox 1029 400 1092 461; x_wconf 78' lang='lat' dir='ltr'>sqq.</span> 
     </span>
     <span class='ocr_line' id='line_1_4' title="bbox 80 469 1088 550; baseline -0.005 -15"><span class='ocrx_word' id='word_1_19' title='bbox 80 475 174 548; x_wconf 76' lang='grc'><strong>14033</strong></span> <span class='ocrx_word' id='word_1_20' title='bbox 197 474 301 531; x_wconf 77' lang='lat' dir='ltr'>malim</span> <span class='ocrx_word' id='word_1_21' title='bbox 328 491 401 548; x_wconf 86' lang='lat' dir='ltr'>quas</span> <span class='ocrx_word' id='word_1_22' title='bbox 424 472 515 541; x_wconf 80' lang='grc'><strong>14133</strong></span> <span class='ocrx_word' id='word_1_23' title='bbox 543 471 652 530; x_wconf 84' lang='lat' dir='ltr'>ealidas</span> <span class='ocrx_word' id='word_1_24' title='bbox 675 472 770 543; x_wconf 80' lang='grc'><strong>14633</strong></span> <span class='ocrx_word' id='word_1_25' title='bbox 792 469 921 550; x_wconf 80' lang='lat' dir='ltr'>fortusse</span> <span class='ocrx_word' id='word_1_26' title='bbox 941 472 1088 530; x_wconf 85' lang='lat' dir='ltr'>transiens</span> 
     </span>
     <span class='ocr_line' id='line_1_5' title="bbox 80 560 1091 637; baseline -0.004 -15"><span class='ocrx_word' id='word_1_27' title='bbox 80 563 243 622; x_wconf 76' lang='lat' dir='ltr'>contrarios</span> <span class='ocrx_word' id='word_1_28' title='bbox 262 560 401 619; x_wconf 90' lang='lat' dir='ltr'>humores</span> <span class='ocrx_word' id='word_1_29' title='bbox 421 561 536 631; x_wconf 79' lang='lat' dir='ltr'>excitat,</span> <span class='ocrx_word' id='word_1_30' title='bbox 565 561 617 637; x_wconf 91' lang='lat' dir='ltr'><strong>qui</strong></span> <span class='ocrx_word' id='word_1_31' title='bbox 637 580 705 618; x_wconf 89' lang='lat' dir='ltr'>eum</span> <span class='ocrx_word' id='word_1_32' title='bbox 727 582 753 620; x_wconf 90' lang='grc'><strong>33</strong></span> <span class='ocrx_word' id='word_1_33' title='bbox 781 579 847 620; x_wconf 84' lang='grc'><strong>3333</strong></span> <span class='ocrx_word' id='word_1_34' title='bbox 870 561 964 635; x_wconf 81' lang='grc'><strong>14833</strong></span> <span class='ocrx_word' id='word_1_35' title='bbox 988 562 1091 619; x_wconf 75' lang='lat' dir='ltr'>malim</span> 
     </span>
     <span class='ocr_line' id='line_1_6' title="bbox 80 649 1090 726; baseline 0.001 -16"><span class='ocrx_word' id='word_1_36' title='bbox 80 653 188 710; x_wconf 82' lang='lat' dir='ltr'>uallum</span> <span class='ocrx_word' id='word_1_37' title='bbox 211 651 248 725; x_wconf 88' lang='lat' dir='ltr'><strong>h.,</strong></span> <span class='ocrx_word' id='word_1_38' title='bbox 272 651 325 726; x_wconf 88' lang='lat' dir='ltr'><strong>qui</strong></span> <span class='ocrx_word' id='word_1_39' title='bbox 346 650 461 726; x_wconf 86' lang='lat' dir='ltr'>reliqna</span> <span class='ocrx_word' id='word_1_40' title='bbox 484 669 569 708; x_wconf 87' lang='lat' dir='ltr'>earne</span> <span class='ocrx_word' id='word_1_41' title='bbox 599 650 692 724; x_wconf 79' lang='grc'><strong>15433</strong></span> <span class='ocrx_word' id='word_1_42' title='bbox 717 650 843 726; x_wconf 82' lang='lat' dir='ltr'>aliquas]</span> <span class='ocrx_word' id='word_1_43' title='bbox 873 651 972 725; x_wconf 85' lang='lat' dir='ltr'>aliqua</span> <span class='ocrx_word' id='word_1_44' title='bbox 995 649 1090 724; x_wconf 80' lang='grc'><strong>111633</strong></span> 
     </span>
     <span class='ocr_line' id='line_1_7' title="bbox 80 738 1091 815; baseline -0.003 -16"><span class='ocrx_word' id='word_1_45' title='bbox 80 742 145 800; x_wconf 88' lang='lat' dir='ltr'>istis</span> <span class='ocrx_word' id='word_1_46' title='bbox 168 741 249 815; x_wconf 79' lang='grc'><strong>1583</strong></span> <span class='ocrx_word' id='word_1_47' title='bbox 265 739 419 798; x_wconf 77' lang='lat' dir='ltr'>termites?</span> <span class='ocrx_word' id='word_1_48' title='bbox 443 739 714 811; x_wconf 71' lang='grc'><strong>16133133313312</strong></span> <span class='ocrx_word' id='word_1_49' title='bbox 737 739 829 814; x_wconf 77' lang='grc'><strong>16733</strong></span> <span class='ocrx_word' id='word_1_50' title='bbox 853 738 1091 798; x_wconf 85' lang='lat' dir='ltr'>nahtseadenben</span> 
     </span>
     <span class='ocr_line' id='line_1_8' title="bbox 77 827 1092 903; baseline -0.006 -14"><span class='ocrx_word' id='word_1_51' title='bbox 77 831 205 902; x_wconf 75' lang='lat' dir='ltr'>fortasse</span> <span class='ocrx_word' id='word_1_52' title='bbox 227 828 468 887; x_wconf 83' lang='lat' dir='ltr'>nahtseadenberi</span> <span class='ocrx_word' id='word_1_53' title='bbox 498 828 590 899; x_wconf 77' lang='grc'><strong>16733</strong></span> <span class='ocrx_word' id='word_1_54' title='bbox 618 829 722 887; x_wconf 75' lang='lat' dir='ltr'>malim</span> <span class='ocrx_word' id='word_1_55' title='bbox 752 846 805 887; x_wconf 89' lang='lat' dir='ltr'>suo</span> <span class='ocrx_word' id='word_1_56' title='bbox 840 828 936 903; x_wconf 86' lang='grc'><strong>16933</strong></span> <span class='ocrx_word' id='word_1_57' title='bbox 966 827 1092 886; x_wconf 84' lang='lat' dir='ltr'>viridem</span> 
     </span>
     <span class='ocr_line' id='line_1_9' title="bbox 80 918 1092 992; baseline -0.001 -12"><span class='ocrx_word' id='word_1_58' title='bbox 80 919 173 990; x_wconf 77' lang='grc'><strong>17633</strong></span> <span class='ocrx_word' id='word_1_59' title='bbox 196 920 230 976; x_wconf 79' lang='lat' dir='ltr'>tu</span> <span class='ocrx_word' id='word_1_60' title='bbox 253 918 530 992; x_wconf 62' lang='lat' dir='ltr'>libramentum,</span> <span class='ocrx_word' id='word_1_61' title='bbox 558 933 633 990; x_wconf 82' lang='lat' dir='ltr'>quae</span> <span class='ocrx_word' id='word_1_62' title='bbox 655 920 690 975; x_wconf 81' lang='grc'><strong>13</strong></span> <span class='ocrx_word' id='word_1_63' title='bbox 712 920 794 977; x_wconf 76' lang='lat' dir='ltr'>testu</span> <span class='ocrx_word' id='word_1_64' title='bbox 821 922 923 976; x_wconf 78' lang='lat' dir='ltr'>nostro</span> <span class='ocrx_word' id='word_1_65' title='bbox 947 918 1092 987; x_wconf 72' lang='grc'><strong>1683-33</strong></span> 
     </span>
     <span class='ocr_line' id='line_1_10' title="bbox 79 1005 1090 1082; baseline -0.004 -16"><span class='ocrx_word' id='word_1_66' title='bbox 79 1009 201 1081; x_wconf 64' lang='lat' dir='ltr'>lenimus</span> <span class='ocrx_word' id='word_1_67' title='bbox 217 1007 291 1078; x_wconf 74' lang='grc'><strong>1773</strong></span> <span class='ocrx_word' id='word_1_68' title='bbox 307 1006 412 1065; x_wconf 73' lang='lat' dir='ltr'>malim</span> <span class='ocrx_word' id='word_1_69' title='bbox 423 1006 574 1081; x_wconf 77' lang='lat' dir='ltr'>scapulam</span> <span class='ocrx_word' id='word_1_70' title='bbox 585 1007 773 1082; x_wconf 78' lang='lat' dir='ltr'><strong>porcinarum</strong></span> <span class='ocrx_word' id='word_1_71' title='bbox 795 1006 875 1082; x_wconf 78' lang='grc'><strong>1183</strong></span> <span class='ocrx_word' id='word_1_72' title='bbox 890 1007 910 1067; x_wconf 74' lang='lat' dir='ltr'>t.</span> <span class='ocrx_word' id='word_1_73' title='bbox 923 1022 945 1067; x_wconf 85' lang='lat' dir='ltr'>e.</span> <span class='ocrx_word' id='word_1_74' title='bbox 960 1005 1090 1065; x_wconf 81' lang='lat' dir='ltr'>radicem</span> 
     </span>
     <span class='ocr_line' id='line_1_11' title="bbox 79 1095 1091 1173; baseline -0.001 -20"><span class='ocrx_word' id='word_1_75' title='bbox 79 1098 220 1173; x_wconf 76' lang='lat' dir='ltr'>galangae</span> <span class='ocrx_word' id='word_1_76' title='bbox 251 1095 328 1170; x_wconf 87' lang='grc'><strong>1813</strong></span> <span class='ocrx_word' id='word_1_77' title='bbox 356 1112 370 1155; x_wconf 84' lang='lat' dir='ltr'>e</span> <span class='ocrx_word' id='word_1_78' title='bbox 397 1096 457 1154; x_wconf 83' lang='lat' dir='ltr'><strong>loco</strong></span> <span class='ocrx_word' id='word_1_79' title='bbox 487 1095 540 1153; x_wconf 80' lang='lat' dir='ltr'>sub</span> <span class='ocrx_word' id='word_1_80' title='bbox 567 1099 647 1154; x_wconf 78' lang='grc'><strong>13313</strong></span> <span class='ocrx_word' id='word_1_81' title='bbox 673 1095 734 1157; x_wconf 78' lang='lat' dir='ltr'>cett.</span> <span class='ocrx_word' id='word_1_82' title='bbox 766 1096 914 1169; x_wconf 73' lang='lat' dir='ltr'>integram</span> <span class='ocrx_word' id='word_1_83' title='bbox 941 1095 1091 1153; x_wconf 80' lang='grc'><strong>1331133333</strong></span> 
     </span>
     <span class='ocr_line' id='line_1_12' title="bbox 78 1183 1092 1256; baseline -0.002 -13"><span class='ocrx_word' id='word_1_84' title='bbox 78 1187 261 1244; x_wconf 77' lang='lat' dir='ltr'>restituturus</span> <span class='ocrx_word' id='word_1_85' title='bbox 291 1185 396 1256; x_wconf 72' lang='lat' dir='ltr'>illusis,</span> <span class='ocrx_word' id='word_1_86' title='bbox 428 1186 458 1242; x_wconf 91' lang='lat' dir='ltr'><strong>et</strong></span> <span class='ocrx_word' id='word_1_87' title='bbox 487 1202 608 1242; x_wconf 85' lang='lat' dir='ltr'>sussum</span> <span class='ocrx_word' id='word_1_88' title='bbox 638 1185 730 1243; x_wconf 88' lang='lat' dir='ltr'>istum</span> <span class='ocrx_word' id='word_1_89' title='bbox 763 1188 792 1242; x_wconf 90' lang='lat' dir='ltr'><strong>et</strong></span> <span class='ocrx_word' id='word_1_90' title='bbox 821 1183 982 1242; x_wconf 85' lang='lat' dir='ltr'>medullam</span> <span class='ocrx_word' id='word_1_91' title='bbox 1014 1183 1092 1241; x_wconf 87' lang='lat' dir='ltr'>cervi</span> 
     </span>
     <span class='ocr_line' id='line_1_13' title="bbox 79 1272 1091 1350; baseline 0.002 -19"><span class='ocrx_word' id='word_1_92' title='bbox 79 1274 198 1333; x_wconf 87' lang='lat' dir='ltr'>maioris</span> <span class='ocrx_word' id='word_1_93' title='bbox 231 1273 367 1348; x_wconf 87' lang='lat' dir='ltr'>ponderis</span> <span class='ocrx_word' id='word_1_94' title='bbox 400 1292 488 1350; x_wconf 88' lang='lat' dir='ltr'>quam</span> <span class='ocrx_word' id='word_1_95' title='bbox 522 1274 691 1348; x_wconf 82' lang='lat' dir='ltr'>praefatum</span> <span class='ocrx_word' id='word_1_96' title='bbox 723 1273 791 1330; x_wconf 86' lang='lat' dir='ltr'>fiius</span> <span class='ocrx_word' id='word_1_97' title='bbox 822 1280 851 1331; x_wconf 89' lang='lat' dir='ltr'><strong>et</strong></span> <span class='ocrx_word' id='word_1_98' title='bbox 884 1292 973 1349; x_wconf 91' lang='lat' dir='ltr'>quam</span> <span class='ocrx_word' id='word_1_99' title='bbox 1008 1272 1091 1347; x_wconf 89' lang='grc'><strong>1843</strong></span> 
     </span>
     <span class='ocr_line' id='line_1_14' title="bbox 79 1361 1088 1437; baseline -0.002 -16"><span class='ocrx_word' id='word_1_100' title='bbox 79 1362 176 1437; x_wconf 87' lang='lat' dir='ltr'>biboz]</span> <span class='ocrx_word' id='word_1_101' title='bbox 209 1379 354 1436; x_wconf 77' lang='lat' dir='ltr'>superser.</span> <span class='ocrx_word' id='word_1_102' title='bbox 385 1361 565 1420; x_wconf 75' lang='lat' dir='ltr'>artemisiam</span> <span class='ocrx_word' id='word_1_103' title='bbox 592 1383 618 1422; x_wconf 90' lang='grc'><strong>33</strong></span> <span class='ocrx_word' id='word_1_104' title='bbox 647 1381 708 1436; x_wconf 78' lang='lat' dir='ltr'>sqq.</span> <span class='ocrx_word' id='word_1_105' title='bbox 733 1363 813 1434; x_wconf 79' lang='lat' dir='ltr'>salso</span> <span class='ocrx_word' id='word_1_106' title='bbox 841 1379 876 1420; x_wconf 77' lang='lat' dir='ltr'><strong>er</strong></span> <span class='ocrx_word' id='word_1_107' title='bbox 903 1363 991 1421; x_wconf 79' lang='grc'><strong>131113</strong></span> <span class='ocrx_word' id='word_1_108' title='bbox 1018 1362 1088 1420; x_wconf 75' lang='lat' dir='ltr'>libri</span> 
     </span>
     <span class='ocr_line' id='line_1_15' title="bbox 80 1451 1148 1526; baseline -0.002 -16"><span class='ocrx_word' id='word_1_109' title='bbox 80 1455 115 1511; x_wconf 80' lang='grc'><strong>131</strong></span> <span class='ocrx_word' id='word_1_110' title='bbox 132 1453 222 1524; x_wconf 68' lang='lat' dir='ltr'>{tuem</span> <span class='ocrx_word' id='word_1_111' title='bbox 239 1453 389 1512; x_wconf 81' lang='lat' dir='ltr'>translata</span> <span class='ocrx_word' id='word_1_112' title='bbox 408 1468 469 1511; x_wconf 85' lang='lat' dir='ltr'>esse</span> <span class='ocrx_word' id='word_1_113' title='bbox 483 1452 623 1510; x_wconf 73' lang='lat' dir='ltr'>videntur</span> <span class='ocrx_word' id='word_1_114' title='bbox 638 1451 732 1522; x_wconf 80' lang='grc'><strong>18333</strong></span> <span class='ocrx_word' id='word_1_115' title='bbox 749 1469 816 1510; x_wconf 87' lang='lat' dir='ltr'>eum</span> <span class='ocrx_word' id='word_1_116' title='bbox 833 1451 927 1526; x_wconf 80' lang='grc'><strong>19533</strong></span> <span class='ocrx_word' id='word_1_117' title='bbox 943 1468 1089 1523; x_wconf 76' lang='grc'><strong>33333333.</strong></span> <span class='ocrx_word' id='word_1_118' title='bbox 1146 1488 1148 1494; x_wconf 70' lang='lat'><em>,</em></span> 
     </span>
     <span class='ocr_line' id='line_1_16' title="bbox 80 1539 1089 1615; baseline 0.001 -16"><span class='ocrx_word' id='word_1_119' title='bbox 80 1541 137 1599; x_wconf 87' lang='lat' dir='ltr'>elei</span> <span class='ocrx_word' id='word_1_120' title='bbox 161 1540 306 1600; x_wconf 87' lang='lat' dir='ltr'>olivarum</span> <span class='ocrx_word' id='word_1_121' title='bbox 329 1541 423 1611; x_wconf 82' lang='grc'><strong>10833</strong></span> <span class='ocrx_word' id='word_1_122' title='bbox 440 1559 543 1599; x_wconf 89' lang='lat' dir='ltr'>eorum</span> <span class='ocrx_word' id='word_1_123' title='bbox 567 1541 787 1615; x_wconf 72' lang='grc'><strong>2083333113</strong></span> <span class='ocrx_word' id='word_1_124' title='bbox 810 1540 981 1614; x_wconf 88' lang='lat' dir='ltr'>deprimunt</span> <span class='ocrx_word' id='word_1_125' title='bbox 1004 1539 1089 1605; x_wconf 76' lang='grc'><strong>2003</strong></span> 
     </span>
     <span class='ocr_line' id='line_1_17' title="bbox 80 1628 1091 1706; baseline 0 -20"><span class='ocrx_word' id='word_1_126' title='bbox 80 1630 134 1706; x_wconf 87' lang='lat' dir='ltr'><strong>qni</strong></span> <span class='ocrx_word' id='word_1_127' title='bbox 156 1651 181 1690; x_wconf 86' lang='lat' dir='ltr'><strong>re</strong></span> <span class='ocrx_word' id='word_1_128' title='bbox 203 1630 296 1688; x_wconf 78' lang='lat' dir='ltr'>trita?</span> <span class='ocrx_word' id='word_1_129' title='bbox 329 1630 418 1705; x_wconf 77' lang='grc'><strong>21133</strong></span> <span class='ocrx_word' id='word_1_130' title='bbox 441 1628 587 1688; x_wconf 78' lang='lat' dir='ltr'>habente?</span> <span class='ocrx_word' id='word_1_131' title='bbox 617 1629 695 1705; x_wconf 77' lang='grc'><strong>2173</strong></span> <span class='ocrx_word' id='word_1_132' title='bbox 722 1630 886 1705; x_wconf 86' lang='lat' dir='ltr'>temperata</span> <span class='ocrx_word' id='word_1_133' title='bbox 917 1651 929 1688; x_wconf 82' lang='lat'><strong>2</strong></span> <span class='ocrx_word' id='word_1_134' title='bbox 953 1628 1091 1687; x_wconf 86' lang='lat' dir='ltr'>roborata</span> 
     </span>
     <span class='ocr_line' id='line_1_18' title="bbox 80 1717 1091 1794; baseline -0.003 -16"><span class='ocrx_word' id='word_1_135' title='bbox 80 1718 176 1790; x_wconf 86' lang='grc'><strong>21933</strong></span> <span class='ocrx_word' id='word_1_136' title='bbox 197 1719 232 1777; x_wconf 80' lang='lat' dir='ltr'>tn</span> <span class='ocrx_word' id='word_1_137' title='bbox 254 1737 347 1793; x_wconf 69' lang='lat' dir='ltr'>marg.</span> <span class='ocrx_word' id='word_1_138' title='bbox 370 1718 607 1794; x_wconf 84' lang='lat' dir='ltr'>heyterneseelen</span> <span class='ocrx_word' id='word_1_139' title='bbox 630 1719 729 1790; x_wconf 79' lang='grc'><strong>22033</strong></span> <span class='ocrx_word' id='word_1_140' title='bbox 752 1719 915 1788; x_wconf 81' lang='grc'><strong>11322533</strong></span> <span class='ocrx_word' id='word_1_141' title='bbox 939 1717 1091 1793; x_wconf 75' lang='lat' dir='ltr'>qualitatis</span> 
     </span>
     <span class='ocr_line' id='line_1_19' title="bbox 80 1807 1091 1884; baseline -0.001 -16"><span class='ocrx_word' id='word_1_142' title='bbox 80 1829 107 1868; x_wconf 83' lang='grc'><strong>34</strong></span> <span class='ocrx_word' id='word_1_143' title='bbox 129 1813 263 1883; x_wconf 84' lang='lat' dir='ltr'>separata</span> <span class='ocrx_word' id='word_1_144' title='bbox 285 1828 310 1868; x_wconf 81' lang='grc'><strong>33</strong></span> <span class='ocrx_word' id='word_1_145' title='bbox 334 1808 503 1866; x_wconf 84' lang='lat' dir='ltr'>intermixta</span> <span class='ocrx_word' id='word_1_146' title='bbox 520 1809 605 1879; x_wconf 87' lang='grc'><strong>2263</strong></span> <span class='ocrx_word' id='word_1_147' title='bbox 621 1808 780 1884; x_wconf 86' lang='lat' dir='ltr'>sanguinea</span> <span class='ocrx_word' id='word_1_148' title='bbox 797 1829 823 1867; x_wconf 86' lang='grc'><strong>33</strong></span> <span class='ocrx_word' id='word_1_149' title='bbox 839 1811 991 1882; x_wconf 86' lang='lat' dir='ltr'>separatus</span> <span class='ocrx_word' id='word_1_150' title='bbox 1009 1807 1091 1877; x_wconf 76' lang='grc'><strong>2273</strong></span> 
     </span>
     <span class='ocr_line' id='line_1_20' title="bbox 80 1896 1093 1973; baseline -0.002 -18"><span class='ocrx_word' id='word_1_151' title='bbox 80 1896 207 1955; x_wconf 79' lang='lat' dir='ltr'>calorem</span> <span class='ocrx_word' id='word_1_152' title='bbox 230 1897 313 1972; x_wconf 89' lang='grc'><strong>2323</strong></span> <span class='ocrx_word' id='word_1_153' title='bbox 336 1896 509 1973; x_wconf 80' lang='lat' dir='ltr'>nigredine?</span> <span class='ocrx_word' id='word_1_154' title='bbox 532 1917 544 1957; x_wconf 90' lang='grc'><strong>3</strong></span> <span class='ocrx_word' id='word_1_155' title='bbox 567 1896 727 1955; x_wconf 77' lang='lat' dir='ltr'>ariditate?</span> <span class='ocrx_word' id='word_1_156' title='bbox 750 1896 976 1971; x_wconf 80' lang='grc'><strong>23433-2353</strong></span> <span class='ocrx_word' id='word_1_157' title='bbox 1001 1896 1093 1956; x_wconf 70' lang='lat' dir='ltr'>taetra</span> 
     </span>
     <span class='ocr_line' id='line_1_21' title="bbox 79 1985 1094 2061; baseline 0.005 -18"><span class='ocrx_word' id='word_1_158' title='bbox 79 1985 185 2044; x_wconf 80' lang='grc'><strong>1333333</strong></span> <span class='ocrx_word' id='word_1_159' title='bbox 214 2002 277 2059; x_wconf 75' lang='lat' dir='ltr'>rap.</span> <span class='ocrx_word' id='word_1_160' title='bbox 312 1991 479 2061; x_wconf 71' lang='grc'><strong>3333333331</strong></span> <span class='ocrx_word' id='word_1_161' title='bbox 512 2003 578 2044; x_wconf 81' lang='lat' dir='ltr'>eum</span> <span class='ocrx_word' id='word_1_162' title='bbox 608 1987 708 2046; x_wconf 75' lang='lat' dir='ltr'>initiis</span> <span class='ocrx_word' id='word_1_163' title='bbox 740 2003 803 2058; x_wconf 77' lang='grc'><strong>333.</strong></span> <span class='ocrx_word' id='word_1_164' title='bbox 827 2004 859 2058; x_wconf 75' lang='lat' dir='ltr'><strong>p.</strong></span> <span class='ocrx_word' id='word_1_165' title='bbox 885 1987 1094 2060; x_wconf 76' lang='lat' dir='ltr'>92‚a—-93‚2s</span> 
     </span>
     <span class='ocr_line' id='line_1_22' title="bbox 82 2072 1093 2148; baseline -0.002 -14"><span class='ocrx_word' id='word_1_166' title='bbox 82 2074 166 2145; x_wconf 81' lang='grc'><strong>23113</strong></span> <span class='ocrx_word' id='word_1_167' title='bbox 196 2091 230 2134; x_wconf 83' lang='lat' dir='ltr'>ea</span> <span class='ocrx_word' id='word_1_168' title='bbox 258 2092 332 2148; x_wconf 78' lang='lat' dir='ltr'>quae</span> <span class='ocrx_word' id='word_1_169' title='bbox 363 2079 526 2148; x_wconf 78' lang='lat' dir='ltr'>sequnntur</span> <span class='ocrx_word' id='word_1_170' title='bbox 554 2075 589 2134; x_wconf 85' lang='lat' dir='ltr'>de</span> <span class='ocrx_word' id='word_1_171' title='bbox 615 2072 706 2135; x_wconf 81' lang='lat' dir='ltr'>lunae</span> <span class='ocrx_word' id='word_1_172' title='bbox 733 2075 833 2147; x_wconf 76' lang='lat' dir='ltr'>effectu</span> <span class='ocrx_word' id='word_1_173' title='bbox 865 2074 1025 2132; x_wconf 73' lang='lat' dir='ltr'>librarium</span> <span class='ocrx_word' id='word_1_174' title='bbox 1057 2091 1093 2132; x_wconf 78' lang='lat' dir='ltr'><strong>er</strong></span> 
     </span>
     <span class='ocr_line' id='line_1_23' title="bbox 80 2162 1094 2243; baseline 0 -22"><span class='ocrx_word' id='word_1_175' title='bbox 80 2164 141 2222; x_wconf 81' lang='grc'><strong>3113</strong></span> <span class='ocrx_word' id='word_1_176' title='bbox 170 2164 253 2235; x_wconf 75' lang='lat' dir='ltr'>fonte</span> <span class='ocrx_word' id='word_1_177' title='bbox 284 2164 419 2224; x_wconf 76' lang='lat' dir='ltr'><strong>hausisse</strong></span> <span class='ocrx_word' id='word_1_178' title='bbox 449 2162 550 2243; x_wconf 81' lang='lat' dir='ltr'>forma</span> <span class='ocrx_word' id='word_1_179' title='bbox 577 2165 702 2242; x_wconf 77' lang='grc'><strong>3313333</strong></span> <span class='ocrx_word' id='word_1_180' title='bbox 732 2165 845 2223; x_wconf 79' lang='lat' dir='ltr'>litterae</span> <span class='ocrx_word' id='word_1_181' title='bbox 875 2164 912 2222; x_wconf 90' lang='lat' dir='ltr'><em>H</em></span> <span class='ocrx_word' id='word_1_182' title='bbox 935 2163 1094 2235; x_wconf 73' lang='grc'><strong>3311331333</strong></span> 
     </span>
     <span class='ocr_line' id='line_1_24' title="bbox 82 2250 1092 2327; baseline 0 -17"><span class='ocrx_word' id='word_1_183' title='bbox 82 2253 209 2324; x_wconf 74' lang='lat' dir='ltr'><strong>scriptae</strong></span> <span class='ocrx_word' id='word_1_184' title='bbox 224 2253 318 2324; x_wconf 71' lang='lat' dir='ltr'>docet·</span> <span class='ocrx_word' id='word_1_185' title='bbox 335 2269 427 2327; x_wconf 78' lang='lat' dir='ltr'>neque</span> <span class='ocrx_word' id='word_1_186' title='bbox 438 2270 505 2312; x_wconf 80' lang='lat' dir='ltr'>vero</span> <span class='ocrx_word' id='word_1_187' title='bbox 517 2254 697 2312; x_wconf 79' lang='lat' dir='ltr'>dissentiunt</span> <span class='ocrx_word' id='word_1_188' title='bbox 708 2254 745 2311; x_wconf 86' lang='lat' dir='ltr'><strong>ab</strong></span> <span class='ocrx_word' id='word_1_189' title='bbox 760 2250 956 2327; x_wconf 73' lang='lat' dir='ltr'>Hildeyardts</span> <span class='ocrx_word' id='word_1_190' title='bbox 967 2254 1092 2323; x_wconf 81' lang='grc'><strong>3311333,</strong></span> 
     </span>
     <span class='ocr_line' id='line_1_25' title="bbox 81 2341 985 2416; baseline -0.001 -18"><span class='ocrx_word' id='word_1_191' title='bbox 81 2359 107 2404; x_wconf 82' lang='lat' dir='ltr'>e.</span> <span class='ocrx_word' id='word_1_192' title='bbox 125 2358 159 2414; x_wconf 75' lang='grc'><strong>3.</strong></span> <span class='ocrx_word' id='word_1_193' title='bbox 184 2344 264 2414; x_wconf 83' lang='grc'><strong>973;</strong></span> <span class='ocrx_word' id='word_1_194' title='bbox 288 2361 327 2413; x_wconf 75' lang='grc'><strong>3,·</strong></span> <span class='ocrx_word' id='word_1_195' title='bbox 351 2367 385 2404; x_wconf 79' lang='lat' dir='ltr'><strong>er.</strong></span> <span class='ocrx_word' id='word_1_196' title='bbox 411 2344 498 2414; x_wconf 82' lang='grc'><strong>9833.</strong></span> <span class='ocrx_word' id='word_1_197' title='bbox 522 2342 616 2412; x_wconf 76' lang='grc'><strong>23133</strong></span> <span class='ocrx_word' id='word_1_198' title='bbox 640 2341 683 2416; x_wconf 90' lang='lat' dir='ltr'><strong>in]</strong></span> <span class='ocrx_word' id='word_1_199' title='bbox 708 2345 738 2401; x_wconf 87' lang='lat' dir='ltr'><strong>et</strong></span> <span class='ocrx_word' id='word_1_200' title='bbox 760 2342 843 2416; x_wconf 87' lang='grc'><strong>2433</strong></span> <span class='ocrx_word' id='word_1_201' title='bbox 866 2359 985 2400; x_wconf 87' lang='lat' dir='ltr'>eoruam</span> 
     </span>
    </p>
   </div>
   <div class='ocr_carea' id='block_1_3' title="bbox 81 2518 1095 3130">
    <p class='ocr_par' dir='ltr' id='par_1_3' title="bbox 81 2518 1095 3130">
     <span class='ocr_line' id='line_1_26' title="bbox 148 2518 1093 2594; baseline 0.003 -18"><span class='ocrx_word' id='word_1_202' title='bbox 148 2518 247 2593; x_wconf 72' lang='lat' dir='ltr'>Legae</span> <span class='ocrx_word' id='word_1_203' title='bbox 282 2521 337 2591; x_wconf 84' lang='grc'><strong>533</strong></span> <span class='ocrx_word' id='word_1_204' title='bbox 368 2519 497 2594; x_wconf 83' lang='lat' dir='ltr'>exspirat</span> <span class='ocrx_word' id='word_1_205' title='bbox 526 2518 603 2591; x_wconf 81' lang='lat' dir='ltr'>14,er</span> <span class='ocrx_word' id='word_1_206' title='bbox 634 2519 725 2578; x_wconf 80' lang='lat' dir='ltr'>iecori</span> <span class='ocrx_word' id='word_1_207' title='bbox 754 2520 832 2590; x_wconf 86' lang='lat' dir='ltr'>24‚ee</span> <span class='ocrx_word' id='word_1_208' title='bbox 859 2519 987 2577; x_wconf 78' lang='lat' dir='ltr'>calorem</span> <span class='ocrx_word' id='word_1_209' title='bbox 1016 2519 1093 2594; x_wconf 85' lang='grc'><strong>2533</strong></span> 
     </span>
     <span class='ocr_line' id='line_1_27' title="bbox 81 2607 1094 2684; baseline 0.001 -18"><span class='ocrx_word' id='word_1_210' title='bbox 81 2607 300 2666; x_wconf 81' lang='lat' dir='ltr'>venenosissimi</span> <span class='ocrx_word' id='word_1_211' title='bbox 328 2629 353 2668; x_wconf 86' lang='grc'><strong>33</strong></span> <span class='ocrx_word' id='word_1_212' title='bbox 382 2607 510 2668; x_wconf 84' lang='lat' dir='ltr'>colorem</span> <span class='ocrx_word' id='word_1_213' title='bbox 539 2609 601 2680; x_wconf 81' lang='grc'><strong>263</strong></span> <span class='ocrx_word' id='word_1_214' title='bbox 630 2609 735 2667; x_wconf 86' lang='grc'><strong>3313313</strong></span> <span class='ocrx_word' id='word_1_215' title='bbox 763 2608 841 2684; x_wconf 83' lang='grc'><strong>2133</strong></span> <span class='ocrx_word' id='word_1_216' title='bbox 869 2607 975 2666; x_wconf 84' lang='grc'><strong>3313313</strong></span> <span class='ocrx_word' id='word_1_217' title='bbox 998 2607 1094 2667; x_wconf 82' lang='lat' dir='ltr'>delens</span> 
     </span>
     <span class='ocr_line' id='line_1_28' title="bbox 83 2696 1095 2772; baseline 0.003 -20"><span class='ocrx_word' id='word_1_218' title='bbox 83 2696 162 2772; x_wconf 87' lang='grc'><strong>3233</strong></span> <span class='ocrx_word' id='word_1_219' title='bbox 184 2698 350 2756; x_wconf 85' lang='lat' dir='ltr'>nee-ealore</span> <span class='ocrx_word' id='word_1_220' title='bbox 378 2697 457 2771; x_wconf 77' lang='grc'><strong>13933</strong></span> <span class='ocrx_word' id='word_1_221' title='bbox 482 2697 559 2772; x_wconf 80' lang='grc'><strong>3633</strong></span> <span class='ocrx_word' id='word_1_222' title='bbox 586 2697 834 2755; x_wconf 82' lang='lat' dir='ltr'>humectationem</span> <span class='ocrx_word' id='word_1_223' title='bbox 858 2697 936 2771; x_wconf 89' lang='grc'><strong>4033</strong></span> <span class='ocrx_word' id='word_1_224' title='bbox 963 2697 1095 2755; x_wconf 78' lang='lat' dir='ltr'>infundit</span> 
     </span>
     <span class='ocr_line' id='line_1_29' title="bbox 83 2785 1094 2862; baseline 0 -19"><span class='ocrx_word' id='word_1_225' title='bbox 83 2785 161 2859; x_wconf 86' lang='grc'><strong>4633</strong></span> <span class='ocrx_word' id='word_1_226' title='bbox 185 2786 462 2862; x_wconf 83' lang='lat' dir='ltr'>transgrederentur</span> <span class='ocrx_word' id='word_1_227' title='bbox 486 2787 565 2861; x_wconf 86' lang='grc'><strong>4833</strong></span> <span class='ocrx_word' id='word_1_228' title='bbox 587 2785 738 2844; x_wconf 89' lang='lat' dir='ltr'>ferebatur</span> <span class='ocrx_word' id='word_1_229' title='bbox 766 2804 787 2845; x_wconf 92' lang='lat' dir='ltr'>s.</span> <span class='ocrx_word' id='word_1_230' title='bbox 812 2806 849 2862; x_wconf 86' lang='grc'><strong>3.,</strong></span> <span class='ocrx_word' id='word_1_231' title='bbox 880 2786 957 2862; x_wconf 84' lang='grc'><strong>7333</strong></span> <span class='ocrx_word' id='word_1_232' title='bbox 984 2787 1094 2844; x_wconf 89' lang='lat' dir='ltr'>melan-</span> 
     </span>
     <span class='ocr_line' id='line_1_30' title="bbox 83 2873 1094 2951; baseline 0.002 -19"><span class='ocrx_word' id='word_1_233' title='bbox 83 2873 182 2933; x_wconf 87' lang='lat' dir='ltr'>eolieis</span> <span class='ocrx_word' id='word_1_234' title='bbox 208 2874 272 2951; x_wconf 84' lang='lat'>80‚1</span> <span class='ocrx_word' id='word_1_235' title='bbox 295 2875 397 2934; x_wconf 88' lang='lat' dir='ltr'>ineisio</span> <span class='ocrx_word' id='word_1_236' title='bbox 423 2876 608 2949; x_wconf 81' lang='grc'><strong>8231333313</strong></span> <span class='ocrx_word' id='word_1_237' title='bbox 632 2875 709 2946; x_wconf 84' lang='lat' dir='ltr'>85‚re</span> <span class='ocrx_word' id='word_1_238' title='bbox 737 2895 826 2951; x_wconf 90' lang='lat' dir='ltr'>quem</span> <span class='ocrx_word' id='word_1_239' title='bbox 851 2876 936 2949; x_wconf 85' lang='grc'><strong>1063</strong></span> <span class='ocrx_word' id='word_1_240' title='bbox 959 2874 1094 2934; x_wconf 87' lang='lat' dir='ltr'>trabibus</span> 
     </span>
     <span class='ocr_line' id='line_1_31' title="bbox 83 2962 1094 3039; baseline 0.003 -18"><span class='ocrx_word' id='word_1_241' title='bbox 83 2962 183 3033; x_wconf 78' lang='grc'><strong>11833</strong></span> <span class='ocrx_word' id='word_1_242' title='bbox 204 2964 310 3023; x_wconf 82' lang='grc'><strong>3333111</strong></span> <span class='ocrx_word' id='word_1_243' title='bbox 335 2964 434 3039; x_wconf 87' lang='grc'><strong>13633</strong></span> <span class='ocrx_word' id='word_1_244' title='bbox 458 2963 748 3039; x_wconf 81' lang='grc'><strong>333333333114633</strong></span> <span class='ocrx_word' id='word_1_245' title='bbox 773 2965 969 3023; x_wconf 84' lang='lat' dir='ltr'>amaritudine</span> <span class='ocrx_word' id='word_1_246' title='bbox 995 2964 1094 3039; x_wconf 87' lang='grc'><strong>14833</strong></span> 
     </span>
     <span class='ocr_line' id='line_1_32' title="bbox 82 3052 1094 3130; baseline 0.001 -20"><span class='ocrx_word' id='word_1_247' title='bbox 82 3070 199 3110; x_wconf 86' lang='lat' dir='ltr'>earmen</span> <span class='ocrx_word' id='word_1_248' title='bbox 226 3052 324 3124; x_wconf 86' lang='grc'><strong>16033</strong></span> <span class='ocrx_word' id='word_1_249' title='bbox 348 3053 486 3113; x_wconf 86' lang='grc'><strong>333333311</strong></span> <span class='ocrx_word' id='word_1_250' title='bbox 511 3053 597 3128; x_wconf 89' lang='grc'><strong>2013</strong></span> <span class='ocrx_word' id='word_1_251' title='bbox 621 3053 789 3130; x_wconf 81' lang='lat' dir='ltr'>siligineum</span> <span class='ocrx_word' id='word_1_252' title='bbox 817 3058 847 3113; x_wconf 91' lang='lat' dir='ltr'><strong>et</strong></span> <span class='ocrx_word' id='word_1_253' title='bbox 875 3055 975 3125; x_wconf 81' lang='grc'><strong>20233</strong></span> <span class='ocrx_word' id='word_1_254' title='bbox 1004 3053 1094 3112; x_wconf 90' lang='lat' dir='ltr'>bibat.</span> 
     </span>
    </p>
   </div>
   <div class='ocr_carea' id='block_1_4' title="bbox 147 3193 1027 3384">
    <p class='ocr_par' dir='ltr' id='par_1_4' title="bbox 147 3193 1027 3384">
     <span class='ocr_line' id='line_1_33' title="bbox 147 3193 916 3259; baseline 0.004 -6"><span class='ocrx_word' id='word_1_255' title='bbox 147 3193 315 3253; x_wconf 82' lang='lat' dir='ltr'>Scribebam</span> <span class='ocrx_word' id='word_1_256' title='bbox 338 3194 469 3255; x_wconf 90' lang='lat' dir='ltr'>Berolini</span> <span class='ocrx_word' id='word_1_257' title='bbox 491 3194 560 3253; x_wconf 87' lang='lat' dir='ltr'><strong>XIX</strong></span> <span class='ocrx_word' id='word_1_258' title='bbox 584 3194 643 3255; x_wconf 85' lang='grc'><strong>031.</strong></span> <span class='ocrx_word' id='word_1_259' title='bbox 666 3195 916 3259; x_wconf 75' lang='grc' dir='ltr'><strong>133311οΜ111.</strong></span> 
     </span>
     <span class='ocr_line' id='line_1_34' title="bbox 983 3316 1027 3384; baseline 0.023 -1"><span class='ocrx_word' id='word_1_260' title='bbox 983 3316 1027 3384; x_wconf 85' lang='grc' dir='ltr'><strong>Κ.</strong></span> 
     </span>
    </p>
   </div>
   <div class='ocr_carea' id='block_1_5' title="bbox 0 0 1243 3862">
    <p class='ocr_par' dir='ltr' id='par_1_5' title="bbox 0 0 1243 3862">
     <span class='ocr_line' id='line_1_35' title="bbox 0 0 1243 3862; baseline 0 0"><span class='ocrx_word' id='word_1_261' title='bbox 0 0 1243 3862; x_wconf 95' lang='lat' dir='ltr'><strong> </strong></span> 
     </span>
    </p>
   </div>
  </div>
 </body>
</html>
