2460 3862
351 147 495 204 CAUSAE
508 147 560 203 ,ΕΤ
579 147 702 204 cursu
720 149 787 204 LIB.
806 149 842 204 11.
1063 155 1103 214 77

92 335 179 406 sunt,
210 330 428 408 commiscetur,
461 335 497 391 ut
527 331 646 392 tandem
677 352 731 408 per
760 336 913 393 menstrua
938 333 1041 392 effluet
1067 336 1105 407 et,

89 419 173 495 quod
195 420 349 478 residuum
370 424 511 497 remanet,
534 421 570 480 ab
593 440 627 480 ee
647 420 819 498 effunditur,
842 422 1001 498 aliquando
1017 422 1106 482 etiem

85 509 118 567 in
143 528 177 567 eo
200 508 360 585 dissipetur
382 512 412 569 et
428 510 592 570 conteritur
606 513 637 570 et
652 509 689 569 sd
704 510 833 572 nihilum
848 510 1013 586 deducitur,
1037 529 1105 570 oum

87 598 153 657 sine
180 600 263 658 testu
289 598 347 658 viri
368 599 400 658 in
426 599 650 659 deleotstionem
672 603 818 660 movetur.
863 599 921 658 Sed
944 605 974 659 et
996 600 1106 660 fertilis

89 691 200 745 natura
230 687 356 746 feminee
386 688 527 764 frigidior
558 691 602 748 est
633 690 664 747 et
698 690 793 766 magis
821 690 983 766 sanguinea
1015 699 1132 766 quaml>

88 777 200 834 nature
219 776 291 852 viri,
324 780 355 836 et
375 777 454 837 vires
477 778 540 837 eius
563 778 720 837 debiliores
741 778 856 837 viribus
879 778 938 838 viri
960 783 1042 854 sunt,
1076 782 1106 837 et

88 864 157 923 ideo
185 865 273 923 etiem
301 865 333 924 in
360 864 552 944 delectatione
580 867 676 926 lenius
703 867 789 927 ardet
820 887 910 944 quem
942 868 1001 938 vir,
1035 868 1105 943 quie

89 953 202 1012 femine
222 955 343 1013 tentum
363 973 416 1015 ves
439 960 491 1032 est,
518 958 554 1015 ut
576 956 691 1032 prolem
714 956 862 1032 oonoipiot
884 959 915 1015 et
935 957 1047 1032 periet,
1071 976 1105 1016 ee

89 1042 157 1101 ideo
187 1043 278 1102 etiam
309 1047 415 1104 ventus
445 1045 509 1104 eius
542 1047 685 1105 ventosus
718 1048 764 1104 est
797 1049 827 1104 et
861 1064 952 1104 venue
986 1047 1104 1121 apertae

88 1136 180 1207 atque
213 1133 345 1192 membre
378 1134 442 1192 eius
476 1134 652 1193 solubiliors
684 1137 755 1193 sunt
791 1154 882 1211 quom
915 1135 982 1196 viri
1035 1133 1102 1193 Viri
1117 1145 1144 1189 10

87 1222 202 1296 sutem,
236 1221 289 1298 qui
318 1223 433 1283 fertiles
465 1226 547 1298 sunt,
580 1223 605 1282 si
636 1241 666 1282 se
696 1243 713 1282 a
739 1223 916 1283 mulieribus
944 1224 1103 1298 continent,

86 1310 277 1385 aliquantum
297 1311 494 1388 infirmentur,
518 1311 569 1372 sed
590 1331 650 1371 non
668 1314 789 1371 tautum
809 1316 956 1388 quantum
970 1313 1104 1386 feminee,

87 1398 171 1475 quod
193 1400 262 1475 plus
284 1401 402 1460 seminis
426 1421 518 1478 quum
539 1401 678 1461 mulieres
701 1401 867 1467 effundunt.
901 1400 959 1461 Sed
978 1401 1104 1460 feminee

87 1487 197 1564 aridae,
220 1489 246 1548 si
268 1489 341 1549 viris
364 1494 473 1567 curent,
496 1509 583 1549 sanae
605 1492 683 1562 sunt
711 1491 736 1550 si
759 1494 860 1550 sutem
881 1490 963 1550 viros
985 1490 1103 1564 hebent,

84 1576 198 1636 debiles
221 1582 299 1637 sunt.
344 1577 430 1639 Siout
459 1598 579 1656 quoque
601 1579 757 1639 inundatio
780 1580 953 1656 pluviarum
975 1583 1005 1638 et
1027 1583 1101 1638 tem·
1119 1588 1145 1633 15

88 1669 242 1741 pestutum
272 1668 425 1727 interdum
451 1669 586 1745 exsurgit
613 1672 644 1728 et
670 1668 822 1727 interdum
850 1669 932 1744 silet,
963 1671 994 1727 et
1025 1668 1103 1728 siout

87 1759 224 1813 mustum
244 1775 324 1816 nuno
345 1776 400 1839 per
421 1759 568 1819 fervorem
591 1758 699 1817 ebullit
720 1777 800 1817 nuno
822 1757 913 1833 ondit,
942 1757 985 1817 sio
1013 1758 1103 1817 etiem

84 1844 159 1903 meli
181 1843 320 1905 humores
348 1846 508 1923 aliquando
536 1847 568 1905 in
594 1846 713 1906 homine
740 1848 913 1924 eriguntur,
942 1846 1102 1923 aliquando

84 1932 250 2010 tabescunt,
274 1935 353 2011 quie,
376 1935 403 1995 si
424 1936 456 1995 in
478 1935 557 1995 melo
580 1936 768 1995 fortitudinis
791 1955 862 1996 suae
880 1955 996 2013 semper
1011 1937 1102 1995 erecti

85 2025 198 2097 essent,
233 2022 322 2083 homo
355 2043 415 2084 non
448 2028 548 2101 posset
585 2025 757 2101 subsistere,
795 2025 847 2085 sed
884 2025 944 2085 oito
982 2027 1102 2101 periret,
1115 2032 1144 2078 20

85 2111 215 2188 Sanguis
242 2113 320 2172 enim
347 2113 380 2172 in
403 2114 539 2190 quolibet
559 2113 678 2174 homine
701 2115 865 2174 seeundum
887 2115 1104 2174 incrementum

84 2204 116 2259 et
139 2200 352 2261 detrimentum
374 2203 464 2262 lunoe
487 2204 593 2263 oresoit
615 2207 646 2263 et
668 2204 825 2267 minuitur.

152 2290 200 2350 De
226 2291 317 2352 lunae
338 2293 501 2352 mutatione
523 2296 550 2352 et
570 2293 738 2356 tomorum.
781 2291 857 2352 Nem
880 2311 949 2351 oum
971 2292 1044 2350 lune
1066 2292 1104 2349 ed

84 2377 306 2454 plenitudinem
337 2398 423 2440 suem
454 2381 571 2458 erescit,
603 2385 677 2441 tuno
708 2385 739 2442 et
770 2382 890 2459 sanguis
922 2381 954 2440 in
985 2380 1104 2440 homine

84 2469 224 2544 augetur,
246 2472 277 2528 et
299 2487 368 2528 omn
389 2471 462 2529 lune
485 2471 635 2542 deoresoit‚
657 2475 731 2531 tuno
753 2474 784 2529 et
804 2471 925 2547 sanguis
940 2470 972 2528 in
986 2470 1104 2529 homine
1118 2477 1146 2523 25

84 2555 243 2621 minuitur.
288 2557 337 2618 dio
363 2578 479 2636 semper
507 2563 552 2619 est
573 2563 637 2618 tam
658 2561 690 2619 in
713 2559 838 2618 muliere
862 2578 953 2634 quem
975 2559 1006 2619 in
1028 2559 1104 2618 viro.

85 2643 164 2704 (lum
187 2647 265 2706 enim
292 2649 413 2725 sanguis
435 2649 468 2707 in
490 2648 609 2708 homine
632 2649 670 2708 od
691 2648 909 2725 plenitudinem
931 2648 1105 2708 inerementi

84 2734 135 2792 sui
156 2737 337 2813 pervenerit,
368 2737 394 2796 si
415 2741 490 2797 tuno
511 2739 543 2795 in
566 2738 685 2804 homine
707 2756 766 2797 non
788 2738 982 2809 decresseret,
1015 2736 1103 2797 homo

84 2824 197 2884 durare
216 2844 275 2884 non
297 2829 406 2902 posset,
428 2828 480 2887 sed
501 2830 586 2886 totus
608 2826 839 2903 dirumperetur.

152 2913 200 2973 De
220 2917 348 2989 tenpore
367 2917 557 2996 pipuitionts.
603 2916 643 2975 Et
666 2935 734 2976 eum
757 2916 789 2975 in
811 2916 992 2975 incremento
1014 2916 1103 2975 lunae
1116 2924 1144 2970 30

86 3003 208 3079 sanguis
229 3003 262 3062 in
283 3004 403 3065 homine
425 3005 468 3065 sio
490 3009 633 3083 augetur,
656 3008 729 3065 tuno
751 3005 840 3064 homo
864 3005 967 3081 etism,
992 3006 1105 3066 scilieet

83 3093 147 3149 tom
170 3093 280 3152 femine
302 3113 394 3170 quem
415 3095 470 3170 vir,
493 3094 602 3154 fertilis
624 3098 669 3154 est
690 3095 728 3155 ed
747 3095 889 3170 fruotum,
912 3095 1052 3155 videlieet
1067 3094 1104 3154 ed

83 3182 287 3256 generandum
308 3183 436 3260 prolem,
465 3184 537 3260 quio
558 3184 589 3243 in
611 3187 773 3261 augmento
796 3185 898 3255 lunae,
922 3202 989 3242 oum
1013 3182 1104 3241 etism

84 3274 281 3346 augmentum
310 3272 463 3350 sanguinis
485 3273 612 3334 hominis
635 3276 694 3349 est,
724 3274 803 3333 forte
825 3277 855 3332 et
877 3271 1036 3332 robustum
1059 3276 1104 3330 est

85 3377 185 3418 semen
208 3359 348 3434 hominis,
372 3365 403 3420 et
424 3362 457 3420 in
480 3361 658 3422 detrimento
681 3363 783 3438 lunae,
808 3381 876 3421 oum
899 3362 988 3421 etiam
1011 3359 1144 3419 detrito

83 3450 219 3508 mentum
241 3451 394 3528 sauguinis
418 3454 463 3510 est
484 3451 516 3510 in
538 3451 666 3527 homine,
689 3471 788 3511 semen
810 3451 938 3511 hominis
961 3449 1058 3509 debile
1072 3455 1103 3508 et

82 3535 195 3614 ubsque
210 3538 390 3600 fortitudine
404 3543 456 3616 est,
478 3541 563 3602 velut
578 3541 675 3603 foeoes
691 3543 774 3617 sunt,
796 3543 830 3603 et
840 3540 913 3602 ideo
925 3543 1006 3600 tuno
1016 3539 1122 3613 rue-gis
