2460 3862
129 135 191 196 102
514 131 760 188 HILDEGARDIS

125 315 282 391 incipiunt.
328 313 462 390 Cumque
484 316 602 373 nullum
625 316 738 374 exitum
760 315 803 374 ibi
824 314 991 392 habuerint,
1024 335 1148 377 sursum

127 403 164 462 ad
179 404 332 479 superiora
348 404 489 479 eorporis,
512 405 590 463 unde
605 409 760 480 venerrmt,
784 405 939 465 1111111111
960 423 1020 465 111
1035 405 1147 478 valent,

126 493 178 552 sed
201 492 243 550 ibi
267 493 298 550 in
319 492 513 552 inferioribus
535 496 655 552 manent
677 494 761 554 etin
783 494 908 554 livorem
931 496 1096 555 vertuntur
1118 498 1148 554 et

128 581 327 654 obdurantur,
359 585 389 641 11
420 582 462 641 111
493 581 582 641 homo
612 582 664 641 ille
691 583 723 640 in
751 582 888 642 omuibus
911 583 995 642 etin
1018 584 1147 659 pedibus

99 672 187 730 51111
209 671 371 748 podagram
394 671 484 730 sentit
506 674 537 730 et
560 671 650 746 dolet,
673 672 716 730 ita
738 673 818 747 quod
841 672 892 732 vix
906 672 1042 732 inoedere
1057 672 1147 733 valet.

126 759 161 818 11
193 760 369 819 mulieribus
400 779 532 836 quoque,
569 780 644 836 quae
675 760 781 820 molles
814 764 844 820 et
870 761 1011 820 delioatas
1047 780 1147 821 earnes

125 848 234 908 habent
256 853 286 909 et
308 869 383 926 quae
406 850 495 908 etiam
519 849 652 908 deliratis
674 848 747 908 oibis
763 850 992 926 supramodum
1006 853 1147 925 utuntur,

126 938 197 997 mali
228 939 319 998 etiam
349 938 500 1014 humores,
538 942 574 996 ut
608 938 795 1015 praedictum
827 942 884 1014 est,
915 943 1064 1012 oreseunt,
1097 940 1147 999 sed

126 1030 226 1086 tamen
256 1027 419 1104 podagram
449 1046 507 1086 non
538 1031 601 1086 tam
631 1027 719 1087 facile
750 1028 922 1098 insumunt,
952 1031 983 1088 et
1004 1027 1147 1089 humores

87 1125 114 1171 10
126 1117 177 1176 isti
200 1117 238 1176 ad
265 1117 475 1193 purgationem
503 1120 724 1176 menstruorum
750 1120 919 1190 transeunt,
950 1120 981 1176 et
1008 1118 1052 1178 sio
1079 1118 1148 1177 illae

129 1224 146 1263 a
169 1205 303 1283 podagra
325 1205 502 1267 liberantur.

194 1297 241 1355 De
259 1295 369 1367 111111.
416 1295 474 1353 Sed
489 1298 519 1354 et
533 1294 634 1354 fistula
650 1298 695 1354 est
710 1295 862 1371 quoddam
877 1313 971 1371 genus
986 1295 1147 1374 podagrae.

125 1381 201 1442 Nam
220 1384 321 1442 fistula
336 1383 371 1442 de
393 1384 478 1443 malis
493 1386 523 1442 et
538 1385 696 1459 superfluis
710 1383 884 1444 humoribus
899 1385 1042 1460 nascitur,
1066 1385 1147 1462 quia,

127 1491 195 1532 oum
218 1473 289 1531 mali
313 1477 343 1532 et
366 1473 510 1549 superflui
531 1472 671 1532 humores
693 1473 725 1531 in
739 1473 858 1532 homine
874 1473 1147 1549 superhabundant,

84 1575 113 1621 15
127 1563 164 1621 11
188 1562 317 1638 aliquem
340 1563 441 1621 looum
464 1563 595 1637 eorporis
619 1563 682 1620 eius
705 1564 859 1621 transeunt
874 1562 922 1620 vel
938 1563 976 1621 ad
992 1581 1081 1622 orura
1096 1582 1148 1623 seu

126 1651 163 1709 11
178 1652 266 1726 pedes
286 1651 369 1710 illius
389 1651 577 1727 descendunt,
593 1653 623 1709 11
637 1651 679 1710 ibi
695 1652 828 1710 acumine
844 1652 1062 1726 superfluitatis
1078 1671 1148 1711 suae

126 1743 225 1799 eutem
248 1741 311 1800 eius
333 1740 485 1815 perforant
508 1743 537 1799 et
559 1741 705 1816 paulatim
727 1740 870 1812 effluunt3
894 1743 924 1799 et
947 1741 1019 1816 quia
1040 1741 1073 1799 in
1094 1741 1146 1801 ho·

126 1829 205 1887 mine
231 1830 285 1888 illo
317 1848 431 1905 semper
463 1832 620 1905 augentur,
650 1829 694 1887 ibi
724 1831 823 1889 eutem
853 1847 969 1905 semper
998 1829 1147 1890 effluendo

127 1919 222 1977 sanari
246 1937 306 1977 non
328 1919 516 1993 permittunt.

85 2021 114 2066 ro
198 2007 296 2082 Quare
328 2012 524 2068 menstruum.
583 2004 658 2065 (lum
696 2010 797 2066 autem
834 2008 933 2067 fluxus
972 2007 1148 2083 rupiditatis

126 2097 219 2155 Evam
242 2096 373 2168 intravit,
397 2115 495 2156 omnes
517 2115 607 2156 venae
627 2096 691 2155 eius
706 2097 738 2154 in
752 2097 879 2156 fiuvium
895 2097 1049 2173 sanguinis
1065 2116 1147 2173 aper·

126 2189 174 2244 tae
197 2188 274 2246 sunt.
321 2185 406 2244 Unde
429 2185 523 2245 omnis
551 2185 661 2244 femina
692 2186 837 2261 proeellas
870 2185 1023 2263 sanguinis
1055 2186 1087 2244 11
1118 2205 1148 2246 11

125 2275 224 2349 habet,
246 2276 290 2333 ita
313 2275 394 2351 quod
418 2275 455 2333 ad
478 2274 705 2334 similitudinem
728 2275 927 2333 continentiae
951 2278 981 2333 et
996 2274 1148 2334 effusionis

125 2366 214 2423 lunae
238 2367 340 2440 guttas
363 2363 514 2440 sanguinis
537 2364 585 2422 sui
600 2365 681 2422 tenet
701 2366 731 2422 et
746 2363 882 2439 effimdit,
905 2367 936 2422 11
952 2364 1033 2440 quod
1049 2365 1149 2424 111111

86 2465 114 2511 25
127 2452 259 2512 membra
293 2454 363 2524 eiua,
399 2471 475 2529 quae
508 2454 590 2511 venis
624 2453 831 2529 compaginata
853 2455 931 2525 sunt,
961 2453 1149 2529 aperiuntur.

124 2541 200 2601 Nam
231 2545 305 2615 <ut>
332 2542 404 2600 luna
436 2541 539 2601 oresoit
566 2544 596 2600 11
624 2541 772 2613 deoresoit,
804 2542 848 2600 ita
878 2543 998 2618 sanguis
1027 2545 1059 2601 et
1091 2542 1148 2601 hu·

125 2651 222 2691 mores
245 2650 299 2707 per
321 2634 508 2690 menstruum
530 2633 650 2705 tempus
672 2631 703 2688 in
726 2631 852 2689 muliere
874 2634 1054 2707 purgantur,
1077 2632 1148 2691 alio

127 2722 200 2796 quin
222 2721 331 2779 durare
354 2739 413 2779 non
436 2723 543 2796 posset,
560 2719 631 2795 quia
646 2719 797 2777 humidior
812 2720 877 2779 viro
894 2723 945 2787 111,
961 2723 992 2778 11
1008 2739 1148 2796 magnam

125 2809 326 2867 infirmitatem
349 2808 500 2873 inuideret.
545 2808 696 2868 Pudioitia
719 2812 820 2867 autem
843 2809 1008 2868 claustrum
1022 2809 1146 2887 integri·

86 2910 114 2955 30
127 2898 198 2957 tatis
220 2898 251 2955 in
274 2899 390 2976 virgine
413 2901 466 2970 est,
491 2899 562 2974 quia
585 2916 660 2974 opus
689 2898 748 2956 viri
775 2898 938 2959 transilivit
967 2898 1047 2957 idem
1074 2917 1151 2975 opus

125 2989 275 3064 ignorans,
306 2990 336 3046 11
367 2987 434 3047 1111
462 2987 650 3046 menstrualis
685 2986 805 3063 sangnis
841 2987 873 3044 in
905 2987 1021 3063 virgine
1054 2988 1150 3065 magis

127 3077 306 3154 sanguineus
330 3079 374 3135 est
397 3096 487 3152 quam
508 3077 540 3134 in
564 3077 681 3148 femina,
712 3075 853 3152 quoniam
875 3076 962 3153 virgo
986 3076 1083 3136 adhue
1106 3080 1150 3136 est

126 3167 234 3227 olausa.
279 3164 355 3224 Nam
377 3169 537 3242 postquam
560 3165 645 3242 virgo
675 3167 888 3241 corrumpitur,
920 3166 1024 3225 deinde
1054 3166 1150 3243 magis

125 3255 250 3314 livorem
278 3255 309 3314 in
339 3259 490 3314 menstruo
521 3256 665 3332 sanguine
696 3254 793 3327 habet,
826 3255 897 3331 quia
927 3257 1069 3332 corrupta
1096 3258 1150 3329 est,

85 3353 114 3400 35
129 3363 219 3420 quam
241 3344 325 3420 prius
349 3345 478 3419 haberet,
501 3363 570 3403 oum
592 3345 679 3422 virgo
703 3347 786 3405 esset.
820 3344 859 3403 Et
883 3363 952 3403 oum
979 3345 1079 3421 puella
1101 3344 1150 3403 ad·

128 3433 187 3492 huo
208 3434 239 3492 in
262 3433 434 3509 integritate
457 3434 544 3509 virgo
576 3436 628 3509 est,
662 3436 734 3492 tuno
767 3434 798 3491 in
830 3452 864 3492 11
895 3436 966 3492 sunt
996 3437 1151 3494 menstrua

126 3522 210 3596 quasi
233 3524 340 3599 guttae
363 3522 399 3581 de
421 3522 521 3598 venis;
543 3525 703 3599 postquam
727 3525 827 3581 autem
843 3522 1055 3599 corrumpitur,
1078 3527 1152 3583 tuno
