2460 3862
362 111 502 169 CAUSAE
521 113 568 168 ET
588 110 709 168 OURAE
727 113 794 167 LlB.
814 112 847 166 11.
1071 118 1111 176 95

89 297 242 373 perfossae
265 297 333 356 sint.
381 297 420 355 Et
442 297 532 357 homo
554 296 609 356 iste
632 296 726 356 tristis
750 314 810 355 non
834 299 887 367 est,
909 295 961 356 sed
977 295 1111 372 aliquan·

87 392 161 446 tum
182 387 287 458 laetus
313 386 397 445 etin
420 386 592 444 infirmitate
615 404 669 444 sua
691 385 808 445 sufferri
831 387 937 461 potest

160 476 206 536 De
226 473 319 554 factet
342 472 467 549 pallore.
507 474 565 545 Qui
587 478 687 534 autem
709 475 741 533 in
763 475 935 534 infirmitate
951 493 1006 534 sua
1021 475 1113 549 pallet

89 569 123 624 at
147 583 245 624 macer
267 568 321 639 ast,
345 565 376 622 in
399 564 451 624 illo
474 564 647 624 melancolia
669 563 706 623 ad
729 563 890 639 paralysim
913 563 1113 640 coniungitur,

91 656 140 713 ita
171 653 252 730 quod
284 673 319 713 ex
350 653 407 712 hoc
437 653 567 730 frigidus
598 653 667 724 erit,
707 656 737 712 et
768 652 835 712 ideo
868 652 958 711 etiam
991 656 1141 730 propters

88 743 191 821 frigus
212 743 290 802 illud
322 743 354 801 in
376 742 450 802 facie
472 741 564 817 pallet
586 745 617 801 et
639 741 807 817 profectum
829 741 859 799 in
887 741 1025 802 carnibus
1051 742 1113 802 suis

89 832 266 907 nonhabet,
282 832 365 890 utin
380 832 432 891 illo
449 834 586 906 crescant,
602 834 633 889 et
647 830 703 890 iste
720 831 750 889 in
763 830 936 889 infirmitate
948 849 1002 889 sua
1017 832 1113 890 tristis

90 924 138 981 est
163 923 193 980 et
214 921 301 980 facile
324 921 356 980 in
377 921 453 979 iram
475 924 624 980 movetur.
663 918 720 979 Sed
739 922 770 978 et
792 919 960 979 stomachus
984 920 1035 978 dat
1057 919 1113 979 vis·

91 1010 213 1070 ceribus
234 1009 364 1069 hominis
386 1009 595 1069 humiditatem
618 1012 648 1067 et
670 1009 767 1068 vesica
788 1008 897 1068 tribuit
925 1009 966 1068 eis
994 1008 1113 1084 aquosi·

89 1101 200 1172 tatam3
227 1099 306 1158 unde
334 1098 424 1158 etiam
446 1098 511 1174 ipsa
533 1099 646 1158 viscera
668 1097 749 1157 cibos
771 1115 887 1174 semper
913 1097 970 1158 hoc
993 1099 1023 1156 et
1045 1097 1113 1157 illac
1126 1104 1154 1150 10

89 1188 227 1247 fundunt
260 1192 291 1248 et
324 1187 490 1248 refundunt
524 1190 553 1246 et
581 1188 624 1246 ita
652 1187 894 1264 impinguescunt
922 1206 955 1246 ac
984 1187 1113 1246 diversos

89 1279 202 1337 livores
223 1277 341 1337 habent.

162 1366 207 1426 De
229 1367 344 1441 splenis
366 1370 488 1426 tumore.
534 1364 592 1424 Sed
622 1384 691 1424 cum
725 1365 895 1424 stomachus
927 1364 1052 1425 diversis
1083 1368 1114 1423 et

87 1455 188 1515 noxiis
219 1455 292 1516 escis
323 1455 476 1531 irretitur,
510 1458 540 1513 et
571 1473 641 1513 cum
672 1454 769 1514 vesica
800 1455 924 1514 diversis
956 1457 987 1512 et
1018 1453 1113 1512 noxiis

88 1544 215 1622 potibus
247 1544 408 1619 sauciatur,
441 1544 534 1604 malos
558 1543 696 1603 humores
719 1543 880 1604 visceribus
910 1543 1046 1618 affeumt,
1079 1550 1155 1602 ac15

90 1635 136 1694 sic
159 1633 273 1692 malum
295 1634 412 1692 fumum
436 1633 474 1692 ad
495 1633 579 1708 splen
602 1633 754 1696 emittunt.

162 1723 208 1782 De
224 1723 322 1782 cordis
338 1723 445 1787 dolore.
489 1723 530 1781 Et
544 1722 621 1781 illud
636 1741 672 1781 ex
687 1721 744 1781 hoc
760 1722 883 1780 inflatur
898 1724 928 1780 et
942 1721 1113 1780 intumescit

91 1816 124 1871 et
157 1811 317 1887 sauciatur,
349 1815 438 1888 atque
466 1815 584 1871 tumore
611 1814 641 1870 et
670 1811 771 1870 dolore
800 1829 854 1870 suo
878 1810 1009 1869 dolorem
1032 1810 1113 1870 cordi

90 1901 189 1960 infert
217 1903 247 1959 et
273 1901 351 1960 circa
378 1900 456 1959 illud
487 1900 613 1959 livorem
641 1903 736 1976 parat.
782 1899 839 1959 Sed
862 1902 892 1958 et
915 1899 1012 1958 adhuc
1034 1899 1112 1958 idem

93 2008 147 2050 cor
172 1988 248 2048 forte
271 1993 316 2049 est
338 1993 369 2049 et
391 1989 488 2049 dolori
511 1989 581 2049 huic
603 1989 723 2050 resistit.
761 1987 837 2048 (ium
852 1992 952 2048 autem
967 1987 1153 2065 praedietis

92 2080 235 2138 humores
257 2079 289 2137 in
311 2078 472 2138 visceribus
500 2082 531 2138 et
561 2079 592 2137 in
628 2079 728 2154 splene
754 2078 882 2138 hominis
908 2078 1111 2153 superhabun-

13 2212 17 2217 -
93 2167 232 2228 <laverint
262 2170 293 2226 et
325 2168 407 2227 cordi
436 2168 546 2227 multas
577 2168 725 2243 passiones
747 2167 912 2238 intulerint,
942 2167 979 2225 ed
1001 2167 1111 2225 melan-

92 2256 204 2317 celiam
225 2260 418 2317 revertuntur
442 2260 472 2316 et
493 2256 540 2315 illi
555 2275 585 2317 se
601 2257 800 2317 commiscent.
829 2257 868 2316 nt
884 2256 925 2315 sic
941 2255 1114 2314 melancolia

93 2348 244 2406 commota
266 2364 334 2406 cum
357 2345 417 2404 illis
440 2346 470 2404 in
493 2345 697 2423 indignatione
719 2346 818 2423 surgit
840 2348 870 2404 et
893 2364 961 2404 oum
981 2345 1067 2421 nigro
1084 2346 1114 2402 et

91 2434 175 2494 malo
209 2435 294 2494 fumo
327 2434 364 2493 ad
396 2452 447 2494 cor
477 2435 606 2494 ascendit
638 2437 727 2510 atque
761 2434 864 2493 multis
893 2436 923 2492 et
952 2432 1113 2510 repentinis
1127 2441 1156 2487 25

95 2523 324 2601 fatigationibus
347 2523 424 2582 illud
448 2524 563 2601 fatigat
608 2522 694 2582 Unde
724 2523 856 2582 homines
886 2522 931 2581 illi
963 2522 1063 2582 tristes
1086 2524 1116 2580 et

93 2612 194 2673 acerbi
216 2613 311 2673 effecti
333 2612 485 2672 modicum
507 2613 566 2672 cibi
589 2615 619 2672 et
641 2611 791 2671 modicum
813 2613 903 2688 potus
918 2613 1048 2682 sumunt,
1071 2611 1115 2669 ita

94 2701 178 2779 quod
209 2703 241 2760 in
270 2719 392 2778 corpore
419 2705 613 2762 attenuantur
636 2704 667 2761 et
700 2700 782 2778 qnod
809 2703 859 2760 vix
893 2699 1052 2776 aliquando
1084 2700 1115 2758 in

91 2809 217 2868 corpore
254 2790 429 2854 subsistunt.
478 2792 518 2851 Et
553 2791 586 2849 hi
623 2791 713 2850 etiam
748 2790 858 2849 multas
896 2790 1115 2850 eructuationes

92 2881 244 2940 emittunt.
1127 2888 1156 2934 30

163 2971 211 3030 De
233 2970 355 3029 caimos
377 2969 470 3032 domo.
516 2967 573 3029 Sed
607 2987 675 3028 cum
710 2969 837 3045 quilibet
869 2967 958 3028 homo
993 2969 1116 3028 domum

94 3061 193 3136 parat,
215 3058 247 3118 in
269 3057 322 3117 illa
344 3058 464 3117 ianuam
486 3061 516 3117 et
539 3059 680 3118 fenestras
708 3076 741 3117 ac
769 3057 930 3116 fumarium
962 3058 1043 3129 facit,
1073 3058 1116 3117 ita

94 3147 235 3209 videlieet
248 3150 286 3206 ut
300 3166 353 3224 per
367 3148 488 3206 ianuam
504 3147 676 3223 egrediatur
688 3147 920 3224 etingrediatnr‚
932 3150 969 3205 ut
981 3165 1115 3224 quaeque

90 3237 256 3298 neccssaria
279 3237 416 3312 excipiat,
440 3239 470 3296 et
492 3240 528 3295 ut
543 3255 597 3312 per
612 3236 756 3297 fenestras
771 3237 873 3295 lumen
888 3235 1004 3312 habeat,
1027 3237 1057 3294 et
1079 3238 1115 3295 ut

92 3327 184 3387 etiam
206 3327 277 3404 igne
294 3343 413 3386 accenso
430 3325 530 3385 fumus
545 3345 599 3402 per
615 3325 779 3384 fumarium
794 3327 933 3400 transeat,
956 3344 993 3383 ne
1009 3323 1115 3383 domus
1129 3335 1156 3379 as

92 3435 147 3492 per
168 3416 288 3474 fumum
311 3418 532 3490 corrumpatur.
578 3413 626 3474 Sic
641 3418 671 3474 et
694 3414 792 3473 anima
814 3414 845 3473 in
868 3412 954 3474 corde
976 3413 1061 3472 velut
1083 3413 1114 3470 in

93 3505 183 3565 domo
215 3505 317 3565 sedens
346 3504 538 3582 cogitatmnes
570 3505 654 3564 velut
683 3523 736 3583 per
765 3504 889 3564 ianuam
914 3502 981 3562 eius
1007 3501 1127 3560 emtus
