2460 3862
147 157 209 216 104
533 148 779 205 HILDEGARDIS

144 335 236 395 rivuli
259 334 436 396 effinxerint.
481 335 560 393 Ante
581 334 680 410 ipsum
702 336 802 392 autem
825 323 947 392 initium
974 333 1066 394 huius
1093 335 1170 394 effu·

145 424 235 484 sionis
257 423 397 499 membre,
421 442 497 499 quae
520 441 618 483 semen
640 422 699 482 viri
721 422 869 498 suscipere
884 421 1002 495 debent,
1025 424 1170 499 aperiun-

144 517 204 588 tur,
227 513 270 571 ita
293 512 374 590 quod
396 515 468 571 tunc
490 512 607 572 facilins
631 530 721 587 quam
744 510 803 571 alio
826 514 959 588 tempore
982 513 1170 590 concipiunt

145 602 290 661 Similiter
311 620 388 678 vero,
412 600 562 661 onmium
584 603 737 660 menstrua
758 601 790 659 in
812 600 870 659 fine
898 604 977 677 sunt,
1009 602 1054 661 ita
1085 603 1170 679 qnod

64 742 77 779 x
119 692 205 750 ciam
236 690 386 767 deficiunt,
420 690 559 749 mulieres
592 689 679 748 facile
713 689 892 765 concipiunt,
929 690 1000 766 quia
1033 692 1172 752 membra

146 800 247 840 earum
270 780 368 838 adbuc
389 782 463 838 tunc
486 782 588 855 aperta
610 781 692 850 sunt3
724 778 775 838 sed
805 778 836 837 in
864 778 923 837 alio
946 782 1081 855 tempore
1104 783 1170 840 tam

145 869 232 929 facile
254 887 315 928 non
337 869 515 945 concipiunt,
547 868 687 943 quoniam
717 867 849 926 membra
880 886 983 927 earum
1013 871 1089 930 tunc
1113 871 1167 929 ali-

146 961 292 1041 quantum
315 957 473 1018 constricta
495 960 573 1033 sunt,
588 958 673 1016 velut
695 957 727 1014 in
749 956 853 1016 arbore
876 959 933 1032 est,
963 977 1040 1033 queo
1062 959 1169 1019 viridi·

144 1051 237 1107 tatem
265 1066 350 1106 suam
382 1047 414 1104 in
448 1047 560 1106 aestivo
591 1049 723 1122 tempore
755 1045 793 1103 ad
823 1046 1050 1121 producendum
1079 1048 1170 1109 fiores

39 1198 42 1205 ,
105 1138 265 1212 remittit,
288 1137 320 1195 in
341 1135 462 1195 hiemali
485 1137 585 1194 autem
607 1135 771 1193 introrsum
793 1154 859 1194 eam
881 1134 919 1194 ad
941 1153 972 1194 se
994 1135 1100 1202 trahit.

212 1226 258 1285 De
280 1229 427 1299 conceptu.
473 1223 531 1283 Sed
554 1242 622 1282 eum
644 1223 753 1282 mulier
766 1225 797 1282 in
818 1224 1023 1284 coniunctione
1039 1225 1100 1286 viri
1116 1229 1168 1302 ast,

145 1318 217 1374 tunc
247 1315 327 1374 calor
356 1313 469 1373 cerebri
497 1313 573 1388 eius,
609 1313 662 1388 qui
692 1313 915 1372 delectationem
944 1314 975 1373 in
1005 1333 1036 1374 se
1068 1315 1169 1388 habat,

146 1407 270 1482 gustum
292 1403 423 1462 eiusdem
445 1402 647 1461 delectationis
669 1403 700 1460 in
723 1401 824 1461 eadem
851 1403 1057 1463 coniunctione
1083 1423 1168 1481 prae·

145 1493 266 1552 nuntiat
296 1495 326 1552 et
355 1492 474 1552 seminis
505 1490 686 1550 effusionem.
735 1491 775 1549 Et
808 1495 968 1567 postquam
1002 1511 1102 1553 semen
1136 1495 1168 1552 in

106 1596 133 1641 15
147 1583 246 1642 locum
269 1600 357 1641 suum
380 1580 525 1656 ceciderit,
554 1579 722 1656 praedictus
745 1581 926 1640 fortissimus
949 1581 1030 1641 calor
1052 1583 1168 1644 cerebri

145 1670 221 1731 illud
237 1670 293 1730 sibi
308 1670 432 1729 attrahit
447 1672 478 1728 et
492 1671 581 1743 tenet,
598 1673 628 1727 et
642 1688 711 1728 mox
726 1669 816 1727 etiam
830 1688 914 1728 renes
929 1670 1062 1730 eiusdem
1077 1674 1166 1732 muli·

146 1761 203 1819 eris
213 1759 437 1833 contrahuntur,
447 1761 477 1817 et
486 1759 585 1816 omnia
594 1757 734 1834 membra,
746 1777 821 1834 quae
830 1758 862 1816 in
871 1762 1023 1819 menstruo
1031 1763 1167 1838 tempore

146 1849 183 1907 ad
206 1849 386 1924 apertionem
408 1849 513 1923 parata
534 1849 612 1921 sunt,
635 1848 724 1907 modo
747 1847 791 1906 ita
813 1846 1002 1920 clauduntur,
1026 1850 1169 1926 quemad·

145 1938 265 1996 modum
290 1938 376 1996 fortis
399 1937 447 1996 vir
467 1955 529 1995 rem
552 1937 683 2012 aliquam
705 1936 737 1994 in
764 1956 854 1994 manu
881 1955 935 1995 sua
959 1939 1080 2002 claudit.
1127 1939 1169 1998 Et

105 2026 250 2086 codeinde
272 2030 441 2086 menstruus
463 2027 583 2102 sangnis
606 2044 703 2084 semen
725 2025 782 2085 hoc
804 2026 973 2084 commiscet
996 2029 1026 2085 et
1047 2029 1166 2105 sangui·

145 2135 233 2175 neum
256 2116 328 2175 iacit
351 2120 379 2174 et
407 2116 547 2174 incarnat.
592 2115 632 2172 llt
661 2117 821 2191 postquam
851 2133 918 2174 caro
949 2116 1050 2193 fuerit,
1085 2116 1166 2176 idem

145 2205 265 2282 sanguis
287 2205 442 2264 vasculum
463 2204 509 2262 illi
532 2204 729 2262 circumducit
750 2206 786 2262 ut
807 2204 995 2276 vermiculus,
1030 2206 1084 2282 qui
1107 2206 1167 2266 sibi

145 2296 181 2354 de
204 2314 234 2354 se
256 2294 321 2371 ipso
344 2295 466 2353 domum
481 2297 574 2370 paret.
612 2294 658 2352 Ac
672 2293 714 2352 sic
728 2293 884 2352 vasculum
906 2293 981 2352 illud
1004 2293 1040 2353 de
1063 2294 1113 2354 die
1133 2296 1165 2355 in

55 2442 60 2449 ,
145 2384 224 2443 diem
246 2386 338 2460 parat
363 2401 517 2460 quousque
539 2382 628 2441 homo
651 2383 682 2440 in
706 2401 740 2441 eo
768 2383 915 2442 formetur
936 2386 966 2442 et
989 2382 1062 2442 dum
1084 2384 1166 2443 idem

104 2486 131 2532 25
144 2474 232 2532 homo
256 2473 438 2549 spiraculum
460 2473 540 2531 vitae
563 2471 679 2546 accipit,
711 2474 801 2547 atque
830 2471 933 2531 deinde
963 2490 1032 2531 cum
1063 2473 1168 2534 eodem

144 2562 263 2622 homine
286 2562 391 2622 crescit
413 2564 443 2621 et
465 2563 527 2619 tam
549 2559 675 2618 firmiter
697 2560 858 2632 stabilitur,
882 2561 962 2636 quod
984 2579 1015 2621 se
1039 2561 1076 2622 de
1098 2562 1167 2623 loco

144 2671 198 2711 suo
221 2670 420 2712 inoverenon
443 2652 540 2726 potest
560 2667 655 2724 usque
679 2649 716 2707 ad
739 2649 851 2708 exitum
874 2650 1005 2709 eiusdem
1027 2651 1167 2716 hominis.

106 2747 107 2751 ’
210 2741 256 2800 De
278 2741 353 2802 an.
398 2739 499 2797 Prima
531 2739 610 2798 enim
640 2740 735 2797 meter
757 2738 887 2796 *humani
918 2740 1033 2816 generis
1067 2741 1167 2817 posita

69 2885 71 2890 .
145 2832 209 2888 erat
231 2830 269 2888 ad
290 2829 517 2889 similitudinem
538 2827 672 2901 aetheris,
697 2827 769 2903 quia
790 2830 826 2886 ut
849 2828 951 2887 aether
972 2830 1073 2889 stellas
1087 2830 1164 2890 inte·

103 2932 132 2976 eo
145 2937 213 2996 gras
235 2919 267 2977 in
289 2938 320 2978 se
343 2919 480 2993 continet,
514 2917 558 2975 sic
584 2917 649 2991 ipsa
681 2915 798 2993 integra
832 2923 862 2976 et
895 2918 1071 2995 incorrupta
1104 2920 1168 2980 sine

145 3008 245 3067 dolore
269 3027 362 3085 genus
384 3007 549 3067 humanum
570 3006 601 3063 in
624 3024 654 3065 se
677 3004 811 3081 habebat,
834 3024 903 3065 cum
926 3007 954 3066 ei
976 3007 1091 3067 dictum
1107 3013 1167 3070 est:

146 3097 297 3156 crescite
321 3101 355 3156 et
377 3095 687 3171 multiplicamini.
721 3095 831 3154 llthoc
846 3096 876 3154 in
893 3096 980 3172 pleno
1001 3095 1102 3158 dolore
1123 3098 1168 3162 fit

211 3187 256 3246 De
279 3190 426 3260 conceptu.
464 3183 540 3242 Nam
563 3185 673 3243 femina
695 3188 739 3243 est
760 3203 840 3244 nune
862 3186 946 3245 velut
969 3189 1050 3245 terra
1065 3191 1168 3247 aratro

145 3280 226 3335 arata
256 3279 286 3335 et
318 3295 415 3335 semen
448 3273 505 3333 viri
536 3273 660 3349 suscipit
687 3277 717 3332 et
745 3275 775 3333 in
803 3274 977 3351 sanguinem
1004 3294 1094 3334 suum
1122 3277 1167 3335 in·

102 3376 131 3421 35
144 3366 240 3426 volvit
263 3370 294 3424 et
316 3367 412 3424 calore
444 3382 497 3423 suo
529 3363 670 3438 calefacit,
705 3365 735 3421 et
766 3364 807 3422 sic
838 3363 914 3422 illud
946 3366 1060 3440 crescit,
1092 3365 1168 3425 dum

144 3455 326 3531 spiraculum
349 3455 427 3513 vitae
448 3453 480 3511 in
502 3452 599 3527 ipsum
623 3452 758 3510 mittitur
780 3456 811 3512 et
833 3453 906 3511 dum
921 3456 1073 3514 maturum
1088 3459 1167 3516 tem·

131 3562 198 3616 pus
221 3544 310 3620 Venit,
336 3546 371 3603 ut
391 3542 544 3621 procedat.
