2460 3862
321 119 462 176 GAUSAE
481 120 528 175 Er
546 119 667 175 OURAE
686 119 753 175 LlB.
772 120 807 174 11.
1028 123 1067 183 81

50 308 188 380 naretur,
212 304 353 381 quoniam
375 304 401 363 si
421 307 493 364 tunc
508 304 710 380 seminaretur,
734 304 879 380 paulatim
895 307 1070 379 erumperet,

51 414 155 472 usque
178 394 251 453 dum
272 393 346 453 bene
369 394 570 454 confortatum
592 397 773 470 exsurgeret.

125 485 204 543 Item
234 483 271 543 de
302 483 387 543 Adae
418 500 530 556 sopore.
578 481 636 542 Sed
667 487 827 559 antequam
859 481 956 541 Adam
986 500 1072 558 prae·

53 576 179 650 ceptum
210 571 258 631 dei
285 573 504 648 praevaricatus
533 572 651 647 fuisset,
682 572 831 631 immissus
858 575 903 631 est
930 572 957 630 ei
984 588 1073 646 sopor

54 667 89 723 et
112 662 197 722 cibus
225 665 271 720 est
298 661 323 720 ei
352 664 498 733 ostensus;
529 663 689 738 postquam
721 663 821 719 autem
853 660 1101 737 praevaricatuso

55 755 116 823 est,
145 769 212 810 caro
240 750 304 809 eius
326 753 440 810 tantam
463 750 646 809 debilitatem
671 754 701 810 et
723 750 916 826 fragilitatem
938 749 1074 823 incurrit,

56 842 90 900 in
115 841 226 916 quanta
248 839 442 900 instabilitate
465 856 532 899 caro
555 839 668 899 mortui
691 842 736 898 est
758 839 794 898 ad
816 857 932 898 carnem
948 838 1075 898 viventis

55 929 196 992 hominis.
240 927 298 988 Sed
326 947 432 1005 sopore
458 931 562 1005 postea
589 929 791 1003 recreabatur,
823 928 901 988 siout
931 927 996 987 cibo
1028 945 1073 984 re·

57 1018 260 1080 focillabatur.
294 1018 334 1076 Et
356 1018 398 1078 sic
421 1019 510 1078 etiam
532 1018 563 1076 in
586 1018 722 1077 omnibus
738 1017 909 1077 hominibus
923 1017 966 1076 fit.
1001 1013 1074 1074 Nam

57 1111 96 1168 ut
119 1126 186 1167 caro
208 1107 337 1167 hominis
360 1107 425 1167 cibo
449 1107 564 1182 crescit,
591 1107 635 1165 ita
662 1109 692 1166 et
718 1107 851 1165 medulla
874 1107 937 1165 eius
960 1124 1074 1181 sopore.
1089 1105 1140 1160 10'

128 1197 174 1256 Dc
202 1214 314 1256 sonmo.
360 1196 434 1256 (lum
463 1197 541 1256 enim
568 1196 656 1255 homo
687 1196 810 1268 dormit,
841 1198 914 1254 tunc
945 1194 1076 1254 medulla

58 1286 126 1346 eius
155 1289 307 1345 recreatur
333 1291 363 1345 et
391 1286 506 1361 crescit,
539 1290 569 1345 et
596 1304 664 1345 cum
694 1285 813 1362 vigilat,
846 1288 919 1344 tunc
945 1284 1076 1343 medulla

59 1375 126 1434 eius
148 1375 371 1451 aliquantulum
386 1377 559 1434 attenuatur
574 1381 605 1434 et
620 1371 802 1446 debilitatur,
826 1373 1076 1451 quemadmodum

60 1465 133 1524 luna
168 1464 199 1522 in
231 1467 390 1541 augmento
422 1483 475 1524 suo
505 1464 609 1523 crescit
636 1465 666 1522 et
693 1463 724 1522 in
752 1462 929 1523 detrimento
952 1481 1006 1523 suo
1029 1461 1076 1520 de·

60 1554 169 1612 crescit
196 1556 226 1612 et
253 1553 332 1612 siout
353 1552 465 1613 radices
488 1553 647 1612 herbarum
668 1552 699 1611 in
721 1552 818 1612 hieme
839 1552 1023 1612 viriditatem
1045 1553 1075 1610 in
1090 1564 1116 1609 15

61 1661 94 1702 se
116 1641 235 1714 habent,
259 1662 348 1718 quam
370 1643 401 1701 in
425 1645 533 1702 aestate
554 1642 585 1701 in
607 1643 694 1701 flores
717 1642 866 1704 emittunt.
900 1640 985 1700 Unde
1007 1659 1076 1700 cum

64 1730 196 1790 medulla
230 1730 356 1791 hominis
389 1735 443 1791 aut
472 1723 623 1790 laboribus
655 1731 781 1808 fatigata
811 1735 857 1790 est
886 1734 940 1789 aut
965 1731 1076 1808 vigiliis

64 1823 233 1896 attenuata,
265 1823 337 1880 tunc
359 1821 446 1880 homo
469 1839 575 1896 sopore
598 1820 777 1897 deprimitur
799 1823 828 1879 et
850 1821 911 1880 sive
934 1822 993 1880 stet
1015 1821 1076 1880 sive

63 1909 167 1969 sedeat
189 1909 250 1968 sive
272 1911 366 1969 iaceat
387 1909 473 1969 facile
496 1910 654 1986 obdormit,
679 1910 749 1986 quia
772 1910 870 1968 anima
885 1910 949 1970 eius
964 1911 996 1969 in
1011 1911 1075 1987 ipso

62 1998 268 2058 necessitatem
302 1999 433 2074 corporis
466 1999 513 2058 sui
548 1999 646 2061 sentit.
690 1997 766 2057 Nam
799 1999 931 2059 medulla
964 2000 1077 2076 vigiliis
1090 2010 1117 2056 20

62 2089 218 2146 attenuata
248 2091 279 2147 et
308 2087 461 2147 debilitata
483 2107 552 2147 mox
578 2089 656 2147 vires
679 2088 791 2147 animae
815 2089 1024 2149 suavissimum
1047 2093 1078 2148 et

64 2176 269 2236 dulciuimum
291 2181 414 2236 ventum
437 2196 472 2235 ex
486 2176 618 2235 medulla
631 2177 809 2254 producunt,
833 2179 886 2254 qui
901 2197 988 2238 venas
1008 2178 1077 2238 colli

62 2269 94 2324 et
124 2268 219 2324 totam
251 2267 393 2325 cervicem
424 2267 550 2326 hominis
581 2267 696 2341 perflat,
730 2269 759 2326 et
790 2268 843 2344 qui
876 2268 913 2326 ad
940 2270 1077 2344 tempora

60 2356 173 2414 transit
194 2359 224 2414 et
245 2374 333 2433 venas
356 2355 461 2432 capitis
485 2359 618 2432 occupat,
641 2359 671 2415 et
691 2357 745 2432 qui
760 2357 803 2415 ita
817 2356 940 2415 vitalem
957 2357 1076 2416 flantem

60 2445 169 2502 flatum
190 2443 318 2504 bominis
341 2444 493 2520 deprimit,
523 2445 564 2504 sio
592 2444 673 2520 quod
700 2445 788 2504 homo
811 2445 862 2503 ille
884 2448 957 2504 tunc
980 2448 1024 2504 est
1046 2449 1116 2504 et25

62 2533 142 2592 iacet
163 2533 247 2592 velut
268 2533 445 2592 insensibilis
468 2538 499 2592 et
521 2534 635 2593 nescius
658 2536 689 2592 et
711 2534 858 2609 impotens
880 2535 928 2593 sui
943 2534 1075 2610 corporis

60 2641 118 2682 nec
148 2621 332 2681 intellectum
361 2641 415 2682 neo
445 2623 639 2700 cogitationes
671 2641 724 2681 nec
751 2622 973 2682 sensibilitatem
1005 2628 1076 2682 tunc

67 2711 194 2771 scienter
216 2711 324 2770 habens
346 2715 467 2787 excepto
491 2712 572 2788 quod
595 2711 692 2770 anima
706 2711 827 2771 vitalem
842 2713 947 2772 flatum
962 2712 1077 2772 inducit

61 2804 93 2859 et
116 2800 238 2871 emittit,
271 2800 349 2860 siout
371 2804 401 2860 et
423 2800 561 2877 vigilanti
583 2801 696 2859 bomini
723 2801 808 2878 facit,
840 2804 870 2860 et
901 2803 982 2879 quod
1008 2821 1075 2862 eum

61 2892 126 2948 tam
149 2888 344 2949 dormientem
367 2910 458 2966 quam
481 2890 653 2967 vigilantem
670 2891 809 2966 continet,
832 2895 862 2951 et
884 2889 967 2968 quod
989 2893 1020 2951 in
1042 2912 1076 2951 eo
1090 2902 1117 2948 30

61 2981 108 3038 est
131 2977 203 3037 dum
226 2979 344 3053 dormit,
368 2979 445 3038 sicut
468 2980 551 3038 etin
574 2998 608 3039 eo
629 2982 723 3053 (est)
744 2980 817 3039 dum
836 2981 950 3058 vigilat.
981 2982 1020 3042 Et
1035 2982 1077 3041 sio

61 3067 152 3127 homo
165 3067 323 3143 obdormit,
334 3072 370 3128 ut
380 3067 567 3144 praedictum
578 3070 631 3130 est.
655 3069 738 3128 Tunc
749 3070 846 3128 anima
857 3070 984 3143 hominis
996 3071 1077 3129 illius

61 3156 178 3217 viribus
205 3157 267 3216 suis
295 3157 332 3217 ad
360 3176 390 3217 se
418 3157 547 3218 collectis
574 3158 736 3217 medullam
763 3159 826 3217 eius
855 3177 983 3219 crescere
1005 3159 1077 3218 facit

61 3250 93 3306 et
116 3246 264 3306 confortat
287 3265 320 3306 ao
342 3266 396 3324 per
418 3266 483 3305 eam
503 3265 568 3306 ossa
582 3247 682 3306 firmat
697 3252 727 3306 et
742 3248 914 3324 sauguinem
929 3249 1075 3324 coagulat,

60 3354 181 3395 carnem
214 3337 304 3396 etiam
338 3336 442 3412 coquit
475 3341 505 3395 et
539 3337 657 3414 singula
691 3337 823 3396 membra
861 3337 1012 3413 componit
1046 3341 1076 3395 et
1089 3347 1116 3391 35

62 3424 240 3500 sapientiam
267 3429 298 3485 et
325 3426 475 3485 scientiam
502 3426 533 3485 in
555 3426 658 3485 eodem
680 3426 797 3486 homine
820 3425 927 3485 dilatat
948 3426 1076 3485 laetante

60 3514 127 3574 vita
155 3514 227 3577 eius.
272 3513 320 3574 Sic
347 3534 419 3592 ergo
446 3515 564 3574 homine
592 3515 757 3577 dormiente
784 3515 935 3576 maiorem
957 3516 1093 3575 calorem

113 3622 269 3676 Hildegardr'e
282 3634 368 3669 causae
381 3625 407 3669 et
421 3636 497 3674 curae
511 3627 548 3676 ed.
566 3629 689 3679 Kaiser.
960 3617 982 3671 Q
