2460 3862
126 138 189 199 164
512 130 759 187 HILDEGARDIS

124 319 215 378 etiam
237 335 333 394 usque
356 315 393 375 ad
416 315 534 374 tertiam
557 315 606 374 vel
629 315 766 392 quintam
788 316 836 376 vel
858 317 1016 393 septimam
1029 315 1073 376 vel
1085 314 1123 373 tri·

125 407 263 466 oesimam
285 407 383 465 luoem
406 405 453 463 vel
476 404 513 463 ad
535 404 637 481 plures
670 405 718 464 vel
748 404 786 463 ad
815 405 973 481 pauciores
1006 404 1074 481 dies,
1099 405 1126 461 ut

125 495 311 572 praedictum
333 497 385 568 est,
410 494 482 552 dum
504 494 615 553 iterum
637 495 756 570 sentiat,
779 493 862 571 qnod
880 513 936 571 per
955 494 1080 572 gratiam
1091 491 1127 551 dei

125 586 204 645 vires
228 584 265 643 ed
288 584 514 643 refocillandum
538 601 646 658 eorpus
669 584 801 659 recipere
814 585 917 660 possit.
962 583 1003 642 ut
1016 584 1041 643 si
1054 583 1127 642 bono

97 675 176 733 silla
205 674 242 731 ad
272 674 431 734 sanitatem
463 673 594 748 eorporis
626 676 825 749 perventurus
857 676 909 748 est,
940 675 1014 732 tuno
1044 675 1129 750 postea

124 764 221 823 lenius
244 762 363 835 dolebit,
388 782 478 839 quam
501 762 586 839 prius
609 762 733 837 fecisset,
758 763 898 838 quoniam
920 762 1068 837 humores,
1089 760 1129 837 qui

124 853 154 911 in
188 872 222 912 eo
257 852 341 928 prius
376 853 506 924 fuerunt,
540 870 594 927 per
627 852 759 927 priorem
792 852 933 911 sudorem
956 851 1129 928 aliquantum

123 942 212 1001 modo
236 941 376 1000 minorati
399 944 477 1002 sunt.
523 939 611 1011 Quod
632 941 658 999 si
680 940 779 999 anima
801 940 893 1000 tantis
914 940 1130 1001 humoribuset

123 1030 270 1091 livoribus
293 1031 409 1090 irretita
432 1033 483 1104 est,
516 1029 596 1106 qnod
629 1047 677 1088 eos
709 1029 745 1089 de
767 1048 889 1106 corpore
911 1029 1042 1090 hominis
1063 1028 1130 1088 illins
1169 1032 1171 1089 f

89 1130 116 1174 10
128 1123 265 1180 excutere
287 1140 346 1179 non
368 1119 456 1193 valet,
480 1118 524 1178 ite
547 1119 627 1194 quod
650 1137 704 1178 noo
726 1119 855 1197 gratiam
879 1118 926 1177 dei
950 1119 1008 1179 sibi
1031 1117 1069 1178 ed
1087 1117 1131 1176 hoe
1169 1146 1171 1159 =

125 1210 224 1269 adesse
248 1209 378 1280 senserit,
402 1209 481 1267 victa
503 1207 670 1267 sueoumbit
693 1211 723 1267 et
745 1227 798 1284 per
812 1208 958 1268 iudioium
974 1209 1023 1268 dei
1038 1223 1130 1284 eorpus

125 1299 242 1358 deserit.

189 1388 236 1447 De
258 1390 355 1450 acum.
390 1384 464 1444 Cum
488 1405 559 1463 ergo
590 1385 679 1445 homo
717 1389 836 1446 aontam
866 1385 965 1462 hebet,
997 1386 1129 1457 humores,

125 1477 232 1554 quiin
255 1495 289 1535 oo
313 1478 391 1551 sunt,
414 1475 444 1533 in
468 1476 599 1534 multum
628 1476 777 1536 fervorem
800 1474 913 1535 ardoris
935 1476 1046 1535 mutati
1067 1476 1130 1546 sunt

85 1577 110 1622 15
124 1570 154 1625 et
183 1567 283 1625 fervor
315 1564 475 1624 eorundem
505 1564 667 1624 humorum
697 1565 846 1624 hominem
878 1564 968 1622 illum
991 1564 1129 1625 comedero

124 1675 182 1715 non
205 1655 363 1730 permittit.
410 1652 467 1713 Sed
489 1673 561 1728 prae
583 1654 676 1713 nimia
697 1653 838 1726 siooitste,
863 1672 940 1730 quae
963 1653 994 1712 in
1010 1655 1076 1730 ipso
1090 1657 1129 1722 ast

125 1764 193 1804 eum
217 1744 254 1803 ed
277 1744 438 1804 bibendum
462 1743 621 1820 oompellit‚
645 1743 724 1802 unde
747 1762 855 1820 aquam
877 1741 969 1815 bibat
992 1748 1030 1802 ut
1051 1743 1131 1802 lenius

124 1833 232 1894 doleat.
282 1832 447 1909 Postquam
476 1835 577 1891 autem
600 1836 687 1891 aouta
709 1833 800 1892 febris
822 1830 973 1891 hominem
995 1830 1131 1899 invaserit

125 1941 184 1981 non
208 1926 251 1981 est
273 1923 300 1980 ei
323 1921 448 1997 salubre,
473 1926 509 1981 ut
531 1922 708 1981 medicinam
731 1921 857 1998 aoeipiat
879 1921 917 1980 ad
938 1921 1132 1997 depellendum

84 2019 112 2065 20
126 2031 199 2084 eam,
232 2011 312 2087 quod
345 2011 445 2086 ipsum
476 2014 549 2069 tuno
580 2029 676 2087 usque
706 2011 744 2069 ad
775 2009 915 2070 sudorem
937 2011 1067 2086 pleniter
1084 2026 1132 2068 non

127 2100 262 2160 dimittit.
308 2098 365 2158 Sed
396 2120 450 2175 pro
484 2104 604 2176 aeoepta
635 2100 780 2159 medicina
811 2102 895 2159 tanto
919 2099 1037 2159 diutius
1059 2101 1087 2159 in
1104 2114 1132 2155 eo

125 2189 200 2249 latet
227 2194 257 2250 et
286 2208 355 2248 eum
378 2191 461 2248 tanto
484 2189 599 2248 diutius
621 2189 765 2247 infirmari
793 2189 874 2264 faoit,
905 2189 1047 2265 quoniam
1068 2185 1134 2247 noxii

125 2279 265 2338 humores
289 2278 325 2337 ab
349 2278 401 2337 illo
426 2281 526 2355 aperte
549 2284 592 2349 et,
624 2281 660 2337 ut
682 2279 760 2338 iuste
785 2278 905 2353 debent,
937 2279 1056 2354 expulsi
1084 2293 1133 2335 non

125 2371 204 2429 sunt.
249 2367 356 2427 Febres
379 2372 479 2427 autem
503 2367 654 2427 interdum
683 2370 735 2427 ant
763 2367 799 2427 de
830 2367 989 2443 superfluis
1018 2368 1087 2428 oibis
1110 2364 1134 2422 et

83 2467 111 2513 25
125 2458 247 2534 potibus
270 2457 409 2516 oriuntur
440 2459 492 2514 aut
521 2457 557 2515 de
583 2456 675 2514 nimia
702 2456 880 2516 dormitione
907 2459 962 2516 aut
988 2456 1026 2516 de
1047 2453 1133 2517 taedio

124 2551 154 2606 et
177 2546 337 2622 otiositate,
361 2565 428 2605 oum
452 2545 542 2604 homo
565 2565 625 2604 non
649 2549 800 2620 operetur.

191 2637 237 2696 De
265 2634 399 2716 febribus
420 2635 619 2708 interpolatis.
667 2633 822 2694 Cotidiana
849 2635 959 2694 etenim
988 2634 1078 2694 febris
1106 2632 1135 2690 de

125 2725 331 2799 superfluitate
362 2744 464 2801 aquae,
497 2724 612 2783 soilioet
642 2724 801 2801 flegmatis,
839 2724 920 2801 quod
948 2727 994 2783 est
1016 2739 1135 2801 spumae,

126 2813 224 2872 oritur
247 2817 277 2872 et
300 2815 335 2873 de
358 2813 506 2873 debilibus
532 2813 605 2872 eibis
629 2815 659 2873 et
683 2813 718 2872 de
742 2814 947 2890 superfluitate
970 2815 1062 2889 potus
1072 2808 1136 2873 ‘vini

84 2913 112 2958 so
126 2901 231 2961 Febris
247 2906 354 2979 entem,
378 2922 454 2979 quae
471 2902 599 2963 secunda
620 2902 668 2961 die
683 2902 834 2962 hominem
848 2903 965 2979 fatigat,
989 2903 1026 2962 de
1042 2917 1135 2978 super·

125 2990 242 3050 fluiteta
265 2991 354 3051 etde
377 2992 531 3051 debilitate
559 2991 643 3066 aeris,
672 2992 753 3069 quod
781 2995 826 3052 est
852 2991 978 3067 humidi,
1007 2991 1138 3052 nascitur.

126 3079 265 3138 Tertians
295 3099 366 3140 vero
389 3080 425 3139 de
448 3081 653 3156 superfluitate
677 3081 757 3155 sisoi,
782 3080 862 3157 quod
886 3084 931 3140 est
953 3080 1041 3158 ignis,
1074 3095 1138 3140 ores

127 3170 177 3246 eit,
201 3169 251 3228 sed
276 3173 421 3245 quartano
444 3170 480 3228 de
503 3170 708 3246 superfluitate
730 3170 920 3230 melancoliae
942 3170 1051 3248 surgit.
1089 3164 1139 3226 Sed

127 3263 157 3320 et
180 3259 277 3330 homo,
301 3259 353 3334 qui
377 3259 480 3318 molles
504 3278 605 3319 earnes
628 3259 868 3336 incorporasse
884 3259 982 3331 hebet,
1005 3260 1050 3319 ito
1065 3253 1139 3336 qnod

85 3349 219 3408 statium
241 3368 357 3425 spuma,
383 3367 458 3424 quae
481 3350 569 3407 tenax
592 3351 622 3407 ot
644 3349 747 3424 tepida
769 3367 803 3407 aa
832 3348 937 3408 debilis
965 3351 1018 3420 est,
1050 3348 1081 3407 in
1108 3362 1139 3404 ao

127 3437 379 3515 superhabundat,
403 3437 489 3497 facile
511 3456 625 3498 vermes
649 3438 680 3496 in
703 3457 790 3498 earne
814 3456 868 3497 sua
882 3437 1042 3500 eontrahit.
1073 3433 1141 3494 Nam

128 3528 210 3603 quod
234 3546 301 3588 earo
324 3528 388 3587 eius
410 3527 509 3586 mollis
532 3531 578 3586 est
601 3529 630 3585 et
653 3546 761 3603 spuma
784 3528 814 3586 in
837 3546 872 3586 eo
888 3526 993 3588 debilis
1008 3530 1039 3587 st
1051 3528 1140 3597 tenax,
