2460 3862
348 124 491 180 OAUSAE
510 125 557 180 ET
576 124 699 180 CURAE
717 125 784 180 ΗΒ.
803 125 824 179 Ι.
1057 135 1098 192 23

74 309 214 372 cessando
237 315 476 386 compescuntur,
501 328 599 368 semen
622 329 718 384 suum,
743 311 824 386 quod
847 315 891 371 est
913 313 956 371 sal
977 312 1014 371 de
1029 312 1097 389 igne

75 405 106 460 et
134 419 212 476 aqua
243 401 369 470 fectum,
401 399 540 474 deiciunt,
577 401 829 475 quemadmodum
852 400 961 461 herbae
985 402 1097 461 semina

74 509 130 550 sua
152 491 185 548 in
207 490 380 548 maturitate
403 489 565 566 proiciunt.

143 580 190 639 De
212 580 283 639 sole.
318 578 368 638 Sal
392 585 492 637 eutem
516 577 551 636 de
574 578 642 654 igne
665 579 776 638 siccum
792 584 844 655 est,
868 579 904 638 de
919 579 1098 639 humiditate

75 687 148 728 vero
171 688 265 744 aquae
289 672 412 745 gustum
435 666 531 728 habet.
1110 679 1124 724 5

145 758 190 817 Dc
213 775 362 831 aquaram
384 758 563 816 diversitate.
599 757 639 815 nt
661 757 760 828 rivuli,
786 757 841 833 qui
865 757 900 816 de
920 758 966 816 his
982 759 1097 835 magnis

75 847 170 923 aquis,
193 847 305 906 scilicet
327 847 364 905 de
379 846 463 918 mari,
486 846 592 922 fluunt,
618 849 648 905 et
662 847 766 920 fontes,
797 846 850 922 qui
867 867 902 906 ex
917 847 963 905 his
978 848 1096 920 saliunt,

74 937 144 995 salsi
167 942 237 996 sunt
259 939 290 995 et
312 936 454 994 maiorem
476 935 576 1013 ignem
602 937 785 1012 maioresque
801 936 878 996 vires
897 936 928 994 in
943 953 973 995 se
988 935 1097 995 habent

74 1025 180 1086 ceteris
218 1026 316 1101 aquis;
358 1024 610 1100 quemadmodum
646 1026 736 1084 etiam
771 1044 822 1084 cor
856 1025 983 1084 maiores
1017 1027 1096 1085 vires

74 1116 194 1195 reliquo
227 1133 348 1190 corpore
376 1114 477 1186 habet3
512 1115 582 1190 quia
615 1114 706 1173 etiam
734 1116 806 1174 haec
833 1114 957 1172 flumina
979 1133 1094 1191 magna,
1110 1125 1137 1169 lo

75 1206 112 1264 de
136 1204 244 1280 quibus
265 1204 378 1280 fluunt,
401 1204 529 1263 maiores
552 1204 630 1264 vires
654 1205 758 1264 ceteris
781 1203 954 1263 fluminibus
977 1203 1096 1279 habent,

78 1293 220 1371 quoniam
237 1312 327 1369 supra
349 1293 477 1369 prima-m
501 1297 532 1352 et
555 1312 656 1353 sanam
672 1312 789 1352 arenam
806 1294 842 1353 ab
858 1293 943 1353 initio
967 1293 1096 1369 positam

76 1384 177 1441 fluunt
199 1386 229 1442 et
252 1401 311 1441 non
333 1401 422 1459 super
449 1382 545 1458 illem,
579 1401 667 1458 quam
695 1383 726 1441 in
754 1401 843 1442 cursu
872 1401 927 1442 suo
960 1383 1096 1443 fecerunt

75 1475 129 1531 eut
152 1472 334 1534 detexerunt.
378 1471 467 1548 Aqua
494 1491 564 1533 vero
593 1472 679 1547 quasi
708 1471 839 1548 aquatile
868 1489 975 1546 corpus
998 1476 1096 1532 terrae

75 1565 122 1621 est
144 1565 174 1620 et
196 1563 276 1620 terra
299 1561 385 1637 quasi
408 1580 459 1620 cor
482 1580 589 1638 aquae,
623 1561 695 1636 quia
729 1580 806 1636 aqua
833 1563 944 1619 terram
972 1561 1095 1620 circum·
1110 1571 1137 1617 15

75 1651 171 1727 cingit
193 1657 222 1709 et
250 1651 405 1725 perfundit
432 1656 555 1722 terram,
586 1652 622 1708 ut
649 1668 758 1726 corpus
786 1669 836 1709 cor
867 1650 1097 1725 comprehendet

75 1743 106 1799 et
128 1741 212 1816 tegit.
259 1740 298 1797 nt
319 1744 400 1800 terra
424 1759 530 1814 aquam
554 1743 707 1812 sustentat,
731 1738 983 1814 quemadmodum
1006 1739 1096 1798 etiam

76 1845 129 1888 cor
153 1847 261 1905 corpus
277 1832 366 1890 tenet.
404 1827 460 1887 Sed
476 1832 505 1888 et
521 1848 599 1905 aqua
614 1829 716 1905 magni
731 1828 829 1900 maris,
853 1827 934 1903 quod
950 1829 1095 1887 mundum

76 1918 293 1995 circumcingit,
317 1922 362 1979 est
384 1917 469 1994 quasi
492 1919 572 1977 latus
595 1918 716 1977 illarum
733 1937 888 1994 aquarum,
913 1937 990 1994 quae
1006 1937 1096 1993 super

74 2009 296 2066 firmamentum
328 2011 413 2080 sunt,
449 2007 528 2083 quod
562 2008 717 2066 summitas
749 2006 885 2078 illarum,
917 2027 993 2083 quae
1026 2011 1096 2066 sunt
1109 2017 1137 2062 20

76 2116 167 2172 super
189 2097 416 2168 firmamentum,
439 2099 469 2155 et
492 2097 661 2156 extremitas
682 2096 813 2173 illarum,
836 2115 911 2174 quae
926 2097 981 2156 sub
996 2096 1093 2155 firma-

76 2189 176 2245 mento
209 2190 291 2261 sunt,
324 2186 380 2245 sibi
410 2185 535 2246 invicem
568 2186 800 2264 coniunguntur.
856 2186 896 2245 Et
929 2186 975 2245 his
1010 2187 1095 2261 aquis

76 2275 258 2351 multiplices
282 2275 375 2350 pelles
399 2275 577 2335 firmamenti
600 2276 754 2352 oppositae
777 2280 855 2351 sunt,
879 2294 955 2351 quae
978 2275 1035 2334 sibi
1053 2275 1096 2333 ita

75 2366 113 2423 ut
146 2364 219 2423 folia
250 2364 425 2423 tabularum
459 2365 650 2440 complicatae
677 2368 759 2440 sunt,
792 2365 932 2440 quatinus
965 2364 1095 2423 diversos

75 2454 175 2512 fluxus
198 2456 228 2512 et
250 2454 456 2513 inundationes
480 2473 626 2530 aquarum
650 2455 828 2515 contineant.
875 2452 931 2512 Sed
955 2453 1094 2528 quemad·
1109 2462 1136 2508 25

75 2543 200 2601 modum
223 2543 321 2601 anima
349 2544 507 2620 rationem,
536 2543 735 2619 intellectum,
769 2542 921 2601 scientiam
949 2545 979 2599 et
1006 2540 1094 2600 sensi·

75 2632 224 2691 bilitatem
251 2632 282 2690 in
310 2650 340 2691 sa
364 2633 505 2708 continet,
535 2632 577 2692 sic
604 2633 694 2691 etiam
720 2632 935 2690 firmamentum
966 2633 1096 2706 quatuor

74 2722 222 2781 elementa
247 2722 409 2781 seeundum
438 2741 530 2798 genus
553 2723 696 2780 suumin
719 2740 749 2780 se
772 2720 905 2780 continet
930 2724 960 2779 et
982 2722 1095 2779 susten·

73 2815 129 2872 tat.
168 2811 208 2870 Et
230 2830 324 2887 aquae
346 2811 420 2870 istae
443 2829 503 2870 uno
526 2819 628 2870 tenore
651 2813 739 2885 stant,
763 2811 799 2868 ut
823 2810 938 2885 positae
961 2813 1040 2885 sunt,
1064 2812 1094 2868 et

74 2904 195 2960 scutum
211 2919 308 2977 suum,
325 2900 437 2959 scilicet
448 2903 566 2972 terram,
584 2900 721 2976 irrigent,
736 2899 809 2957 dum
824 2918 916 2974 aquas
931 2899 1095 2958 infundunt
1108 2908 1136 2954 30

74 2994 107 3048 et
130 2989 298 3066 effundunt,
322 2989 366 3047 ita
387 2992 423 3048 ut
445 2990 513 3048 illae
536 2988 694 3064 aliquando
717 2989 855 3047 interra
879 2989 1043 3047 dilatentur
1066 2991 1096 3048 et

74 3078 226 3138 interdum
249 3078 428 3139 ascendendo
452 3080 585 3154 surgant.
627 3077 667 3136 Et
690 3077 799 3136 iterum
823 3078 854 3136 in
877 3078 981 3152 pluvia
1004 3078 1094 3136 effun-

75 3167 204 3241 duntur,
237 3172 267 3227 et
289 3168 346 3227 hoc
368 3168 456 3227 modo
480 3170 598 3226 scutum
621 3185 710 3226 suum
734 3186 822 3246 aqua,
854 3167 953 3227 ventis
976 3169 1006 3224 et
1028 3185 1094 3225 aere

75 3257 186 3328 firmat,
208 3276 245 3315 ne
269 3257 387 3317 diffluat
409 3260 439 3316 et
461 3276 497 3315 ne
521 3255 613 3320 cadet.
652 3256 751 3315 Areua
774 3260 873 3315 autem
897 3254 995 3326 maris,
1020 3273 1094 3329 quae

75 3344 114 3404 ab
137 3345 223 3405 initio
247 3346 284 3404 ad
307 3346 450 3406 orientem
472 3345 570 3421 posita
593 3349 650 3422 est,
684 3364 769 3420 saepe
798 3345 872 3404 aeris
901 3344 1094 3403 indeficientis
1108 3353 1136 3399 35

73 3437 172 3494 terrae
203 3435 352 3512 tangitur3
391 3439 421 3495 et
451 3435 520 3493 hinc
547 3439 681 3495 aromata
712 3438 743 3495 et
769 3435 843 3493 aliae
871 3433 1032 3493 medicinae
1062 3432 1097 3490 in

77 3525 181 3584 eadem
203 3544 291 3585 arena
311 3528 389 3586 sunt.
433 3523 466 3584 Si
489 3525 579 3590 homo
604 3547 640 3590 ea
665 3525 779 3589 hebere
804 3529 929 3608 posset,
950 3523 1044 3584 nautia
1062 3521 1116 3577 'm-
