2460 3862
344 134 487 190 CAUSAE
506 135 552 189 ΕΤ
571 135 694 192 GURAE
712 135 779 192 uls.
798 135 833 190 V.
1034 69 1096 201 {31

84 322 172 381 homo
202 321 233 378 in
262 322 343 379 recto
377 322 407 378 et
437 321 469 378 in
498 321 660 398 tranquillo
695 321 784 382 modo
812 322 943 398 corporis
970 321 1018 380 sui
1045 322 1098 397 est,

83 415 156 470 tunc
186 410 276 469 ctiam
309 409 396 468 urina
427 409 490 469 eius
517 410 679 470 secundum
707 414 818 472 rectem
843 411 1019 487 temperiem
1049 409 1096 469 de·

83 501 277 560 monstratur.

172 589 218 648 De
239 589 348 648 critiae
369 589 558 666 despectione.
592 588 687 648 Urina
709 592 809 649 autem
824 589 934 648 infirmi
957 587 994 647 sd
1009 588 1099 648 consi·

84 679 267 737 derationem
279 677 429 753 sospitatis
444 681 498 736 aut
507 678 688 738 infirmitatis
700 677 886 756 suscipienda
898 681 950 752 est,
963 697 1030 737 cum
1045 677 1096 736 illc
1109 689 1123 733 5

83 771 152 844 post
165 766 375 826 dormitionem
386 767 517 843 evigilat,
533 768 614 844 quod
629 768 715 826 urina
730 769 793 827 eius
808 772 882 828 tunc
897 770 975 826 recte
990 769 1100 843 tempe-

83 859 149 915 rata
172 859 203 915 et
222 857 354 915 colorata
377 858 423 915 est
444 857 606 915 secundum
629 858 804 934 qualitatem
826 857 957 916 eiusdem
979 855 1098 915 infirmi.

84 943 162 1004 Nam
184 963 253 1004 cum
274 945 362 1004 homo
386 944 503 1020 dormit,
530 946 561 1004 in
585 947 684 1022 quiete
711 947 773 1005 sine
795 946 858 1005 ulla
885 946 1015 1005 motione
1046 949 1100 1016 est,

84 1038 116 1093 et
138 1034 205 1093 ideo
228 1035 367 1092 humores
390 1037 421 1093 et
443 1035 542 1104 sudor,
578 1037 631 1112 qui
653 1037 684 1094 in
707 1054 741 1094 eo
765 1039 842 1110 sunt,
865 1035 902 1093 ad
926 1034 1099 1112 qualitatem

83 1141 168 1182 suam
188 1127 321 1198 currunt,
345 1123 507 1182 secundum
526 1125 606 1200 quod
621 1128 694 1184 tunc
708 1125 796 1184 homo
817 1144 847 1184 se
862 1124 988 1183 interius
1002 1122 1100 1182 habet.
1113 1129 1141 1175 10

88 1212 119 1271 Si
151 1215 251 1271 autem
281 1212 416 1271 infirmus
446 1213 575 1272 dormire
605 1233 664 1273 non
694 1217 806 1290 potest,
848 1216 921 1273 tunc
959 1213 995 1272 sd
1032 1230 1100 1271 con·

87 1301 295 1360 siderationem
317 1302 471 1377 qualitatis
494 1304 558 1361 eius
585 1303 672 1360 urina
694 1302 787 1378 ipsius
801 1302 988 1378 suscipiatur,
1011 1321 1100 1378 quam

86 1391 119 1449 in
140 1394 227 1471 nocte
256 1391 377 1465 emittit,
401 1392 450 1450 vel
477 1410 568 1467 quam
596 1392 674 1450 circs
700 1393 907 1467 crepusculum
935 1391 994 1450 diei
1022 1390 1100 1465 eicit,

84 1479 164 1555 quod
186 1480 342 1556 temperies
363 1481 458 1539 noctis
480 1480 527 1539 vel
541 1481 707 1556 temperies,
730 1500 805 1557 quae
828 1481 906 1539 circs
920 1484 1022 1539 ortum
1042 1479 1100 1538 diei

84 1573 135 1644 est,
160 1570 307 1643 humores,
331 1569 384 1645 qui
405 1569 504 1627 inille
520 1572 597 1641 sunt,
621 1570 805 1646 qualitatem,
828 1570 951 1646 quaein
966 1569 1030 1645 ipso
1047 1571 1099 1639 est,
1114 1574 1141 1620 15

86 1659 272 1734 aliquantum
296 1658 470 1733 composuit.

174 1748 220 1807 De
242 1752 340 1807 terroe
355 1748 559 1808 immobilitate
581 1750 610 1808 et
625 1749 780 1822 apertionis
795 1748 979 1807 discretione.
1010 1744 1102 1804 Terra
1148 1768 1152 1772 ·

85 1841 185 1895 autem
208 1842 238 1896 et
259 1837 350 1895 limus
372 1837 540 1897 immobiles
562 1841 640 1912 sunt,
662 1837 706 1896 ita
729 1836 811 1912 quod
833 1837 870 1896 ab
894 1855 966 1894 aurs
989 1836 1101 1894 moveri

88 1944 145 1984 non
169 1930 305 2001 possunt3
336 1925 387 1984 scd
419 1927 606 2001 aliquantum
638 1926 760 1985 odorem
782 1926 931 2001 emittunt,
958 1943 1026 1985 cum
1049 1928 1100 1984 aut

88 2014 190 2090 pluvia
221 2015 279 2073 iam
311 2014 461 2073 descendit
490 2019 544 2074 aut
576 2034 645 2074 cum
678 2015 738 2072 iam
771 2016 803 2073 in
834 2015 968 2091 proximo
998 2013 1142 2088 pluviam

88 2103 260 2163 descendere
283 2102 383 2176 debet;
406 2103 498 2163 etsie
519 2105 555 2163 fit
576 2105 608 2162 in
630 2104 779 2182 egestione
801 2105 935 2164 hominis
980 2099 1055 2161 Nam
1070 2103 1102 2160 in

90 2193 238 2269 egestione
257 2193 389 2268 perfecta
412 2193 495 2270 signa
516 2194 610 2254 vitam
637 2198 668 2254 et
689 2196 815 2253 mortem
838 2191 1102 2270 praesignificantia

88 2283 224 2359 cognosci
246 2302 305 2342 non
327 2286 458 2358 possunt.
487 2284 567 2360 quod
591 2285 703 2361 egestio
730 2283 859 2342 hominis
885 2285 922 2341 ut
943 2286 1023 2341 terra
1044 2281 1098 2338 im·

89 2372 205 2431 mobilis
229 2375 281 2432 est.
312 2371 370 2431 Sed
390 2374 489 2431 tamen
511 2373 542 2430 in
566 2372 679 2432 foetore
702 2374 765 2431 eius
787 2373 851 2430 vita
873 2374 926 2430 aut
946 2388 1025 2429 mors
1046 2369 1098 2429 ho-

89 2461 177 2520 minis
206 2461 394 2537 aliquantum
426 2461 551 2521 discerni
582 2465 688 2538 potest,
720 2461 772 2519 sed
801 2464 897 2519 tamen
928 2478 995 2519 cum
1027 2458 1100 2517 diffi·
1113 2469 1141 2514 25

90 2551 201 2610 cultate
224 2554 255 2609 et
276 2569 355 2610 raro.
400 2550 542 2609 Attamen
568 2552 593 2609 si
622 2551 733 2628 egestio
760 2549 921 2623 secundum
943 2551 1099 2607 consuetu·

87 2639 186 2698 dinem
209 2657 294 2698 susm
317 2640 447 2698 multum
469 2640 570 2711 foetet,
597 2642 633 2698 ut
655 2657 768 2716 semper
790 2639 900 2698 foetere
929 2638 1012 2706 solet,
1041 2656 1100 2695 non

87 2732 129 2787 est
153 2729 273 2806 signum
289 2729 401 2800 mortis,
424 2729 503 2804 quod
519 2729 615 2788 calida
629 2729 756 2804 putredo
771 2729 802 2786 in
817 2729 929 2787 foetore
944 2727 997 2786 illo
1013 2746 1099 2802 appa

86 2826 143 2889 ret;
167 2818 193 2876 si
215 2821 314 2877 autem
336 2818 436 2877 cadem
460 2819 572 2894 egestio
595 2837 655 2876 non
670 2819 801 2876 multum
823 2817 917 2876 foetet
933 2818 962 2874 et
981 2816 1006 2875 si
1021 2815 1100 2875 idem

85 2906 191 2983 foetor,
228 2926 317 2984 quam
350 2910 422 2966 tunc
454 2907 555 2983 habet,
591 2907 703 2966 alienus
738 2909 782 2965 est
815 2925 832 2964 a
866 2905 1141 2965 consuetudinalis

85 2995 210 3056 foetore:
234 2997 353 3073 signum
375 2996 480 3055 mortis
503 2999 554 3071 est,
589 2996 668 3071 quod
699 2996 779 3055 calor
810 2996 841 3054 in
869 2995 1026 3071 putredine
1049 2997 1101 3054 illa

85 3085 185 3145 deficit
216 3087 246 3144 et
273 3085 413 3163 quonism
441 3086 473 3144 in
503 3086 631 3144 alienum
663 3086 785 3144 modum
813 3104 916 3144 versus
948 3088 1000 3160 est,
1033 3103 1100 3143 cum

85 3175 176 3234 etiam
198 3175 339 3234 humores
353 3175 385 3232 in
400 3175 504 3234 codem
516 3175 635 3234 homine
650 3174 743 3234 eversi
759 3177 835 3235 sunt.
868 3174 954 3244 Quod
970 3174 996 3232 si
1011 3174 1100 3232 etism

85 3264 150 3340 ipse
172 3265 284 3341 egestio
305 3265 393 3340 nigra
422 3267 452 3323 et
478 3265 561 3322 arida
585 3267 637 3340 est,
669 3265 787 3341 signum
809 3264 914 3322 mortis
937 3266 990 3337 est,
1019 3261 1099 3337 quod

85 3353 260 3412 melancolia
282 3353 404 3412 eandem
427 3354 623 3430 digestionem
644 3353 675 3410 in
698 3352 881 3429 nigredinem
904 3351 987 3410 etin
1010 3351 1097 3408 aridi·
1112 3360 1141 3405 35

88 3446 183 3502 tatem
206 3443 321 3512 evertit,
344 3442 397 3501 ubi
419 3443 559 3502 humores
575 3442 708 3502 eiusdem
724 3442 856 3500 homines
871 3440 908 3499 ad
924 3441 1049 3499 mortem
1071 3459 1102 3499 se

87 3536 351 3608 praeparaverunt.
397 3530 429 3589 Si
451 3536 552 3591 autem
580 3532 691 3610 egestio
718 3531 803 3609 nigra
831 3533 861 3589 et
887 3529 972 3587 arida
997 3532 1045 3588 est
1070 3532 1104 3586 et
