2460 3862
351 119 493 176 crustu
511 118 558 176 ΕΤ
577 119 700 176 cultae
722 121 790 176 ΠΒ.
809 121 845 175 11.
1044 125 1106 186 113

83 307 165 366 flues
186 307 277 381 potus
300 305 399 380 sumit,
422 304 535 364 malum
550 302 649 364 tabem
665 305 697 363 in
712 323 743 365 se
759 307 857 382 auget,
881 305 1021 381 quoniam
1036 305 1108 364 mali

84 395 169 456 succi
188 393 323 454 ciborum
341 398 371 454 et
390 398 519 470 potuum
538 393 677 471 sanguini
691 397 723 454 et
736 393 800 454 tubi
814 394 877 453 eius
894 393 1107 457 coadunantur.

155 484 202 544 De
222 484 412 546 nucimento.
457 482 533 544 (ium
554 482 644 542 homo
673 483 803 544 comedit
833 485 864 543 et
892 483 978 560 bibit,
1008 482 1108 544 vitalis

84 576 202 633 tractus
225 573 444 649 rationalitatis,
468 573 522 649 qui
544 573 575 631 in
596 571 716 633 homine
738 576 792 648 cst,
815 576 938 649 gustum
960 575 991 633 et
1013 573 1107 634 subti-

84 663 195 723 liorem
217 679 339 723 succum
360 665 391 721 et
413 661 534 723 odorem
557 680 660 721 eorum
683 680 802 722 sursum
825 661 863 720 ad
877 660 1031 721 cerebrum
1046 663 1135 722 eiust
1225 699 1227 705 ι

85 751 175 812 ducit
196 754 226 811 et
248 752 371 811 venulas
393 750 457 810 eius
479 750 619 828 replendo
635 751 778 813 calefacit
808 749 865 811 Sed
883 754 980 810 cetera
1003 770 1107 810 eorun-

87 841 158 900 dem
181 839 317 900 ciborum
344 843 374 899 et
395 844 537 916 potuum,
561 859 637 917 quae
659 841 691 900 in
713 840 897 900 stomachum
920 841 1107 916 perveniunt,

86 949 142 990 cor
165 932 196 990 et
216 929 300 989 iecur
322 932 353 989 ct
374 929 478 1006 pulmo
501 929 691 1002 calefaciunt,
720 933 751 988 et
778 929 815 990 de
837 929 940 990 eodem
962 932 1056 1006 gustu
1079 933 1109 988 et

87 1018 243 1080 subtiliori
268 1037 357 1078 succo
380 1021 410 1078 et
434 1018 523 1078 odore
538 1019 570 1077 in
584 1018 707 1079 venulas
722 1037 790 1078 suas
805 1020 937 1089 trahunt,
961 1018 1004 1077 ita
1027 1018 1108 1095 quod

87 1107 159 1167 inde
182 1108 338 1184 replentur
359 1111 390 1167 et
412 1108 616 1168 fomententur
638 1111 669 1167 et
690 1109 876 1180 nutriuntur,
898 1107 982 1168 velut
1003 1107 1028 1167 si
1050 1107 1109 1165 ari·
1123 1116 1150 1161 10
1202 1112 1205 1115 '

87 1197 163 1256 dum
191 1200 222 1256 et
244 1197 355 1258 siccum
378 1197 554 1256 intestinum
577 1197 609 1256 in
632 1217 741 1274 aquam
768 1197 903 1274 ponitur,
936 1196 1017 1274 quod
1039 1195 1108 1256 inde

87 1285 282 1345 mollificetur
318 1290 349 1346 et
378 1286 550 1347 intumescit
581 1288 612 1346 ct
642 1286 784 1362 repletur.
838 1285 884 1346 Ita
918 1304 987 1345 cum
1018 1285 1107 1345 homo

86 1375 249 1435 manducat
276 1377 307 1434 et
338 1375 429 1452 bibit,
461 1375 497 1435 de
528 1393 614 1436 succo
644 1375 780 1435 ciborum
807 1378 838 1435 et
863 1376 992 1451 potuum
1018 1393 1108 1434 venae

86 1465 153 1524 cius
184 1464 340 1539 replentur
372 1468 402 1524 et
433 1464 651 1536 fomentantur,
686 1465 729 1524 ita
756 1465 837 1541 quod
865 1482 970 1524 succus
996 1463 1049 1523 ille
1075 1464 1107 1522 in

88 1553 171 1614 venis
197 1554 373 1632 sanguinem
399 1558 430 1614 et
456 1554 556 1614 tabem
577 1555 723 1614 fomentat
745 1553 834 1613 etde
856 1571 943 1613 succo
966 1571 1108 1613 venarum
1122 1563 1149 1607 15

87 1643 220 1720 sanguis,
245 1643 300 1720 qui
321 1643 352 1702 in
375 1661 462 1702 carne
485 1646 538 1717 est,
561 1643 737 1703 rubedinem
759 1642 818 1702 sibi
841 1642 974 1706 attrahit.

156 1732 205 1791 Dc
227 1733 332 1794 esurie.
377 1731 542 1809 Postquam
572 1733 712 1792 comestio
744 1733 776 1793 in
804 1731 994 1808 putredinem
1024 1732 1107 1792 vadit

86 1824 120 1881 et
149 1822 269 1893 arescit,
303 1840 394 1880 venae
424 1821 460 1880 de
490 1840 577 1882 succo
609 1839 663 1881 suo
696 1826 891 1896 evacuantur,
926 1823 957 1880 et
986 1822 1107 1899 sanguis

87 1910 185 1970 carnis
207 1910 382 1970 rubedinem
403 1910 504 1986 perdit
526 1913 557 1970 et
576 1928 706 1987 aquosus
721 1911 765 1973 fit.
794 1911 878 1970 Tunc
892 1929 983 1971 venae
998 1911 1108 1987 repleri

88 1998 266 2074 desiderant,
290 2001 321 2059 et
342 2000 463 2077 sanguis
486 2000 582 2060 carnis
604 1999 780 2060 rubedinem
802 2000 948 2063 affectant.
986 2000 1026 2059 Et
1047 2000 1103 2060 hoc
1116 2009 1144 2054 ao

89 2088 204 2148 esuries
227 2092 279 2163 est,
299 2108 389 2166 quam
411 2088 500 2148 homo
523 2088 651 2165 patitur.

156 2177 202 2238 Dc
223 2179 284 2240 citi.
329 2177 405 2238 (lum
435 2178 523 2237 homo
553 2178 694 2255 comedit,
727 2179 758 2237 in
789 2178 967 2238 comedendo
990 2178 1107 2238 laborat

87 2269 126 2326 ut
147 2266 228 2326 mola
250 2267 281 2326 in
309 2266 454 2339 molendo,
484 2270 515 2327 et
541 2266 577 2327 de
607 2267 709 2327 labore
732 2267 919 2328 comestionis
945 2267 1034 2327 bomo
1062 2268 1106 2325 in-

87 2354 210 2416 calescit
231 2359 262 2415 et
284 2357 448 2416 exsiccatur
469 2359 501 2416 et
522 2356 565 2415 ita
587 2356 713 2416 interius
735 2373 867 2416 arescere
887 2356 1002 2431 incipit,
1026 2356 1107 2432 quod

87 2444 156 2505 sitis
183 2447 237 2510 cst.
280 2445 320 2504 Et
349 2449 421 2505 tunc
448 2446 563 2506 modice
590 2444 675 2505 bibat
701 2449 732 2505 et
758 2446 869 2505 iterum
896 2444 1043 2520 comedat,
1075 2449 1106 2505 et
1119 2455 1147 2502 25

86 2553 159 2594 cum
181 2534 291 2593 iterum
314 2534 345 2592 in
368 2534 547 2595 comedendo
570 2534 602 2593 in
625 2536 720 2595 calore
748 2534 865 2606 arescit,
894 2534 1004 2594 iterum
1031 2534 1106 2610 sitit,

87 2628 120 2683 et
142 2625 216 2683 tunc
238 2623 349 2684 iterum
372 2623 469 2700 bibat,
492 2626 522 2684 et
545 2624 588 2683 sic
609 2624 707 2700 faciat,
730 2624 851 2684 interim
874 2623 946 2682 dum
969 2623 1107 2699 comedit,

88 2711 165 2790 quia
185 2712 212 2771 si
234 2711 322 2773 bomo
345 2713 377 2773 in
399 2712 478 2789 cibo,
509 2712 621 2773 scilicet
642 2713 764 2772 interim
786 2713 859 2771 dum
881 2712 1021 2787 comedit,
1048 2732 1107 2773 non

87 2801 213 2876 biberet,
244 2802 344 2879 gravis
375 2806 474 2863 mente
504 2804 536 2862 et
566 2820 690 2878 corpore
722 2802 890 2862 efficeretur
916 2820 969 2862 nec
995 2800 1107 2862 bonum

86 2909 211 2952 succum
233 2891 389 2968 sanguinis
416 2894 536 2968 pararet
561 2909 615 2951 nec
647 2892 753 2951 bonam
780 2891 976 2968 digestionem
1003 2892 1149 2952 exindeeo

88 2979 220 3040 haberet.
277 2978 309 3040 Si
343 2983 443 3040 autem
477 2981 509 3040 in
542 2979 608 3041 cibo
642 2998 696 3040 suo
731 2999 823 3056 supra
860 2980 982 3041 modum
1020 2980 1105 3058 bibit,

89 3069 200 3128 malem
221 3068 446 3130 inundationem
473 3069 673 3146 procellarum
704 3070 736 3128 in
767 3069 943 3130 humoribus
974 3071 1107 3147 corporis

88 3159 138 3219 sui
162 3157 244 3230 iacit,
266 3159 309 3218 ita
332 3159 413 3235 quod
436 3160 511 3220 recti
534 3158 674 3218 humores
696 3159 727 3217 in
750 3177 785 3219 eo
808 3159 1031 3237 disperguntur.
1068 3159 1107 3218 Et

88 3247 213 3308 iuterim
235 3247 307 3306 dum
331 3248 390 3307 cibi
405 3249 436 3307 in
456 3248 646 3325 putredinem
661 3252 691 3308 et
706 3249 737 3307 in
752 3248 923 3309 ariditatem
937 3250 1105 3322 vertuntur,

87 3336 124 3397 de
147 3337 245 3398 calore
270 3337 324 3396 illo
352 3357 443 3397 venae
469 3341 500 3398 et
526 3338 647 3416 sanguis
674 3336 926 3397 humectationem
949 3341 1106 3414 quaerunt,
1119 3346 1147 3392 ct

87 3429 117 3486 et
139 3424 198 3486 hoc
219 3425 285 3487 sitis
307 3429 362 3502 eet,
385 3429 417 3486 et
430 3430 504 3486 tunc
518 3426 608 3486 homo
624 3427 775 3486 moderate
791 3427 875 3486 bibat
890 3430 920 3487 et
934 3425 1106 3486 ariditatem

88 3516 121 3575 in
143 3533 175 3575 se
197 3512 362 3586 humectet‚
392 3515 526 3592 alioquin
549 3516 715 3577 molestiam
742 3519 774 3578 et
798 3515 979 3577 tarditatem
999 3515 1117 3573 mentis

140 3622 293 3677 fflldegcrdr'e
307 3634 394 3669 canace
408 3626 433 3669 ct
447 3637 521 3672 curce
536 3626 576 3673 ed.
591 3628 721 3678 Kaisar.
984 3616 1008 3671 Q
