2460 3862
129 134 169 194 58
515 125 761 184 HILDEGARDIS

127 333 256 392 quorum
280 313 402 390 quidam
425 312 545 372 maioris
567 311 764 384 fortitudinis,
788 310 910 389 quidam
924 309 1049 371 minoris
1064 311 1142 371 suat

126 403 184 462 Sed
208 403 330 480 quidam
353 402 444 462 etiam
466 405 552 478 aunt,
576 402 630 479 qui
653 420 721 461 cum
743 399 913 461 hominibus
934 399 1052 477 saepias
1074 417 1141 461 oon·

127 495 284 552 versantur
316 493 347 550 et
377 509 460 551 sacra
491 492 556 551 loca
584 491 681 551 minus
710 490 834 568 fugiunt
860 492 891 549 et
913 489 1003 550 etiam
1026 507 1143 550 crucem

127 581 240 641 domini
264 582 294 640 et
317 581 418 642 divina
445 581 542 641 officia
570 580 669 640 minus
697 579 866 640 abhorrent.
910 579 951 638 Et
981 577 1015 637 hi
1045 596 1144 639 ornnes

99 678 196 730 boum
217 670 271 730 illo
293 669 325 728 in
347 669 494 730 mundum
515 669 730 734 machinantur.
768 668 825 729 Sed
848 667 886 727 ad
908 667 1143 746 magnitudinem

126 760 209 818 illius
237 759 372 820 diabolus
399 763 444 820 ast
467 760 529 819 fere
551 762 650 819 tantae
673 757 862 818 fortitudinia
884 759 914 817 et
935 757 1095 834 potestatis
1115 759 1144 817 ct

126 849 270 926 malitiae,
293 849 372 910 siout
395 852 425 908 et
446 849 498 908 ille
521 851 566 908 eat
589 848 675 925 quasi
697 847 823 909 aviditas
845 849 876 906 et
897 848 982 907 volut
1004 846 1142 906 voluntas

127 938 229 1014 ipsias.
273 938 314 997 Et
337 939 408 1015 quia
430 938 482 998 ille
505 938 617 998 moveri
639 956 699 997 non
721 935 922 1014 permittitur,
943 935 976 994 ia
998 935 1143 995 mundum

128 1027 215 1104 quasi
241 1027 360 1104 Python
388 1027 563 1086 daemonum
594 1027 735 1089 mittitur.
788 1024 864 1084 Num
894 1025 1040 1085 virtutem
1072 1024 1142 1085 deci·

88 1123 115 1169 10
128 1117 230 1193 piendi
260 1136 314 1193 per
345 1117 565 1177 simulationem
592 1115 681 1175 habet
709 1118 740 1175 et
765 1115 862 1174 multa
894 1114 952 1173 alia
981 1113 1071 1192 vitia,
1103 1114 1143 1173 ita

128 1205 210 1283 quod
237 1205 335 1264 Adam
360 1206 392 1265 in
419 1206 554 1282 paradiso
582 1205 700 1264 seduxit
727 1207 757 1264 et
779 1204 932 1264 dominum
954 1206 1055 1263 terrae
1077 1222 1142 1263 enm

127 1295 320 1371 nuncupavit,
349 1299 379 1354 et
401 1295 505 1354 flatum
528 1293 659 1354 Luciferi
681 1295 713 1353 in
736 1292 955 1353 Antichristum
982 1312 1038 1369 per
1060 1292 1142 1353 forti·

127 1384 262 1443 tudinem
284 1384 367 1444 illius
390 1385 466 1444 feret
488 1384 525 1443 ad
549 1384 774 1460 concipiendum
789 1402 870 1456 eum;
894 1381 980 1442 cuius
994 1381 1142 1443 fortitudo

128 1473 167 1531 ad
204 1474 304 1533 locum
342 1474 429 1533 illum
467 1474 616 1549 ascendet,
660 1493 678 1532 a
720 1491 781 1550 quo
819 1471 955 1531 diabolus
992 1472 1143 1547 proiectus

87 1573 116 1618 15
129 1562 256 1634 corruit;
289 1561 342 1621 ubi
370 1563 449 1622 zelus
478 1563 591 1622 domini
617 1563 696 1640 ignis
723 1562 820 1621 factus
848 1561 880 1619 in
906 1561 993 1638 nigra
1020 1560 1143 1621 materia

126 1652 325 1727 procellarum
349 1655 449 1711 tantae
471 1652 658 1712 fortitudinia
682 1655 712 1710 et
735 1649 940 1710 amaritudinis
967 1653 1026 1724 est,
1061 1648 1141 1727 quod

127 1758 212 1816 saepe
242 1742 274 1799 in
302 1742 454 1801 elementis
481 1742 578 1800 exurit
605 1744 634 1800 ot
657 1741 767 1800 scindit
789 1743 819 1798 et
841 1757 912 1799 voce
935 1757 989 1798 sua
1012 1741 1141 1800 terrores

127 1830 250 1901 emittit,
283 1831 326 1889 ite
357 1831 438 1907 quod
469 1830 605 1890 diabolus
633 1850 704 1906 prae
726 1832 840 1889 terrore
862 1828 949 1888 istius
971 1828 1051 1888 vires
1074 1847 1142 1890 suas

128 1921 229 1993 aperte
253 1937 384 1978 exercerc
406 1938 464 1979 non
488 1920 590 1990 audet,
622 1919 679 1978 nisi
701 1921 738 1978 ut
760 1919 822 1992 fu13
854 1916 933 1977 unde
964 1919 995 1976 et
1016 1918 1143 1978 mendax

86 2018 115 2064 uo
128 2010 181 2069 est.
226 2006 286 2067 Iste
317 2008 395 2068 zelus
428 2009 518 2067 etiam
549 2009 581 2067 in
608 2008 767 2068 novissimo
795 2008 844 2066 die
871 2007 1016 2067 elementa
1039 2010 1144 2067 exuret

128 2100 158 2154 et
179 2095 300 2172 scindet,
325 2098 379 2174 qui
402 2102 446 2156 est
468 2099 516 2157 dei
539 2097 680 2158 vindicta.
726 2097 765 2156 Et
793 2097 873 2174 quod
902 2097 988 2156 beato
1015 2095 1144 2157 Iohanni

127 2186 325 2263 evangelistae
347 2187 516 2263 prohibuit,
545 2186 744 2246 rescriberet
771 2204 870 2256 voces,
905 2204 981 2261 quae
1007 2187 1144 2245 tonitrua

126 2275 228 2334 locuta
248 2269 362 2351 auntl),
393 2276 450 2336 hoo
472 2276 539 2335 ideo
563 2277 675 2336 factum
699 2279 755 2347 est,
787 2275 859 2352 quia
886 2292 986 2334 omnes
1013 2277 1144 2335 terrores

127 2368 157 2423 et
191 2365 342 2441 angustias
376 2368 448 2425 tnnc
481 2365 688 2442 ostendebant,
728 2383 803 2440 queo
836 2364 970 2423 homines
1005 2368 1075 2424 ante
1114 2367 1144 2425 et

85 2457 229 2530 repostae
251 2454 331 2531 passi
354 2457 424 2514 sunt
447 2458 477 2515 et
498 2454 666 2531 patientum
696 2454 848 2529 quoniam,
878 2453 903 2512 ai
926 2472 960 2512 ea
981 2454 1145 2529 praesciret

126 2542 224 2619 homo,
247 2544 300 2603 illa
321 2564 392 2621 prae
414 2544 586 2603 infirmitate
609 2543 705 2603 carnis
722 2547 752 2602 et
766 2562 838 2619 prae
853 2543 952 2602 nimiis
968 2542 1144 2603 horroribus

126 2633 203 2692 ferre
226 2652 285 2692 non
311 2638 424 2710 posset,
453 2634 594 2710 quoniam
621 2633 709 2692 homo
732 2652 766 2692 ee
789 2632 906 2691 facilius
928 2631 1046 2708 tolerat,
1071 2632 1145 2692 dum

126 2740 179 2797 per
202 2726 338 2799 tempora
361 2725 391 2782 et
412 2743 467 2799 per
480 2722 639 2782 interualla
653 2725 824 2798 temporum
840 2721 1027 2798 contingunt,
1052 2741 1144 2798 quam

126 2810 152 2869 si
174 2810 263 2869 homo
292 2829 326 2869 ea
352 2832 412 2870 una
438 2813 511 2872 hora
537 2812 706 2888 praesciret.
760 2810 805 2870 Ac
837 2811 903 2870 ideo
941 2810 1058 2869 factum
1089 2814 1143 2883 eat,

86 2909 114 2955 30
127 2899 200 2974 quia
232 2900 402 2959 tonitruum
431 2905 494 2960 tam
527 2901 660 2960 terribile
693 2903 738 2960 est
768 2904 798 2959 et
828 2902 928 2959 tantae
958 2899 1146 2960 fortitudinis

127 3006 161 3046 ae
193 2988 337 3062 horroris,
371 2990 443 3066 quia
469 2990 495 3049 si
521 2991 610 3050 homo
639 2991 739 3066 eoiret,
771 2989 844 3065 quid
867 2989 1036 3049 tonitruum
1059 2993 1146 3062 esset,

126 3075 204 3135 illud
225 3077 351 3154 timeret,
375 3082 411 3138 ut
433 3098 537 3138 vorum
560 3079 649 3140 deum
670 3098 741 3155 prae
756 3081 872 3139 terrore
886 3077 978 3153 illius,
1003 3080 1145 3155 quoniam

125 3184 227 3226 vocem
254 3184 338 3225 suam
365 3168 458 3244 audit,
480 3171 680 3244 postponeret.
726 3167 827 3247 [Venti
849 3170 919 3227 sunt
940 3185 1030 3243 super
1052 3168 1147 3228 solem

127 3260 157 3315 et
188 3255 296 3316 subtus
327 3259 358 3315 et
386 3257 463 3316 circa
493 3276 562 3316 eum
592 3261 623 3317 et
654 3276 707 3317 sua
737 3256 914 3333 fortitudine
947 3257 1048 3333 ignem
1080 3258 1145 3318 eiua

84 3353 112 3401 83
125 3345 270 3422 dissipant
301 3348 331 3404 et
362 3346 549 3424 dispergunt,
585 3347 657 3423 quia
688 3347 713 3406 ei
743 3347 799 3405 hoc
828 3364 887 3405 non
918 3346 1064 3424 facerent,
1098 3347 1144 3408 sol

199 3536 220 3607 ¹)
239 3538 326 3608 Apso.
348 3538 390 3608 10,
408 3540 435 3595 4.
