2438 3854
117 129 182 188 226
503 122 751 194 annnomnrs

114 310 266 386 sanguinis
293 309 432 368 humores
459 310 569 382 iacent,
596 309 681 370 velut
707 309 738 367 in
767 309 956 370 dormitione
989 312 1054 385 sint,
1076 329 1114 368 neo

115 399 213 457 officia
240 416 294 456 sua
320 401 467 470 exerceut3
494 403 525 457 et
551 398 619 458 ideo
640 398 765 472 pessime
788 400 958 459 eorundem
980 400 1117 459 humorun

115 486 294 547 odlandum
315 487 465 546 descendit
486 489 517 546 et
540 488 721 564 sanguineus
743 490 798 563 est,
822 489 974 564 quoniam
988 491 1019 548 in
1033 491 1119 549 rubore

115 581 146 635 et
171 576 203 635 in
230 576 347 636 fervore
373 594 427 635 suo
456 580 556 635 motus
583 579 637 639 est.
681 577 721 634 Et
746 577 819 636 haec
847 582 943 638 acuta
971 580 1061 640 febris
1083 597 1120 636 nec

88 665 284 741 5appetitum
298 684 352 724 nec
366 670 488 742 gustum
505 665 641 725 ciborum
655 666 754 740 sentit,
778 665 862 742 quod
884 667 1030 728 humores
1045 668 1121 727 officia

116 774 169 815 sua
183 774 241 814 non
257 755 392 831 implent.
423 754 517 814 Sedsi
533 755 642 832 aliquis
663 754 753 814 homo
777 755 855 814 hanc
880 760 1009 817 acutam
1031 758 1122 817 febrem

115 845 212 918 habet,
228 845 355 920 cupidus
374 844 406 902 in
421 844 494 903 cibis
509 847 562 919 est,
578 847 609 903 et
624 844 650 903 si
664 844 786 903 modam
802 862 895 903 suum
911 847 945 904 in
962 847 1123 906 comedendo

115 934 238 1002 excedit,
261 933 352 992 febris
367 933 440 993 hace
461 936 546 992 tanto
569 934 638 1009 plus
662 934 745 1005 furit,
769 934 920 1014 quoniam
944 935 1123 996 humoresin

115 1024 220 1083 officiis
257 1023 319 1082 suis
353 1041 411 1082 non
447 1026 525 1084 sunt.
580 1022 667 1093 Quod
699 1023 723 1081 si
756 1027 866 1098 potum
897 1027 1037 1101 requirit
1062 1025 1124 1085 etsi

76 1113 244 1170 10multum
267 1111 357 1187 bibit,
381 1131 417 1171 ex
438 1112 494 1172 hoc
516 1130 575 1170 non
597 1111 739 1183 laeditur3
767 1112 849 1188 quod
875 1113 903 1171 si
926 1133 993 1174 non
1023 1115 1124 1183 biberet,

116 1202 317 1261 exsiccaretur.
367 1201 407 1260 Et
438 1202 463 1260 si
494 1200 612 1277 pridem
645 1200 775 1260 ardentis
809 1203 1034 1277 complexionis
1069 1211 1123 1274 erat

116 1291 219 1349 vinum
249 1291 280 1348 in
311 1289 367 1349 hac
395 1293 478 1365 peste
509 1289 637 1348 bibitum
665 1291 765 1365 ipsum
791 1290 896 1354 laedit.
952 1293 1044 1353 Unde
1070 1299 1124 1354 tunc

115 1399 223 1456 uquam
251 1379 340 1439 bibat
387 1377 418 1437 Si
452 1398 535 1454 vero,
566 1382 725 1455 antequam
756 1379 983 1458 infirmaretur,
1016 1383 1125 1460 frigidae

116 1469 323 1544 complexionis
346 1468 418 1539 fnit,
446 1472 519 1526 tunc
547 1468 626 1526 siin
648 1468 703 1526 hac
724 1467 902 1528 infirmitate
925 1471 1037 1531 vinum
1059 1471 1124 1542 bibit,

76 1559 215 1633 15ipsum
241 1577 301 1616 non
323 1557 423 1616 laedit.
467 1557 507 1616 ‘nt
529 1557 554 1615 si
577 1558 741 1616 moriturus
763 1559 822 1629 est,
849 1559 943 1617 urina
969 1562 1037 1622 eius
1058 1559 1123 1621 varia

115 1649 286 1706 liniamenta
300 1648 331 1704 in
346 1665 376 1705 se
392 1647 528 1720 ostendit,
553 1646 638 1722 quasi
653 1646 784 1704 findatur
805 1646 893 1707 velut
916 1649 1043 1726 glacies,
1064 1667 1124 1726 quac

116 1737 147 1794 in
174 1738 320 1796 solutione
346 1736 483 1808 finditur;
517 1737 547 1794 et
576 1735 627 1794 has
654 1735 810 1794 redemtos
837 1735 989 1809 humores
1018 1740 1123 1809 faciunt

117 1827 197 1901 quod
231 1843 260 1883 se
293 1825 329 1882 ad
357 1828 484 1884 mortem
518 1824 600 1883 illius
629 1832 778 1899 separant,
813 1826 843 1882 et
880 1827 967 1901 quod
1004 1829 1037 1887 in
1067 1827 1124 1903 ipsis

115 1913 310 1973 varietatibus
340 1914 403 1972 vias
436 1913 526 1972 morti
558 1916 750 1988 praeparant3
783 1931 817 1972 ac
848 1916 998 1990 superius
1026 1917 1124 1976 modice

75 2014 192 2079 sopora
221 2004 276 2076 est,
305 2004 446 2078 quoniam
474 2022 491 2060 a
518 2002 587 2061 tabe
619 2006 649 2061 et
681 2023 698 2060 a
730 2001 873 2079 sanguine
910 2011 1056 2081 separata
1080 2016 1124 2073 sst3

117 2092 167 2151 sed
196 2110 213 2148 a
239 2091 332 2149 fundo
360 2110 456 2167 usque
478 2091 516 2149 ad
537 2091 702 2166 puritatem
729 2082 813 2149 illam
839 2092 936 2167 spissa
968 2100 1017 2156 est
1045 2096 1125 2166 urina,

117 2181 257 2258 quoniam
291 2180 427 2239 humores
458 2181 496 2239 ad
532 2184 656 2239 mortem
696 2181 726 2238 in
754 2181 895 2239 descensu
929 2183 1035 2244 iacent
1064 2181 1127 2242 nihil

116 2273 279 2346 operantes
310 2268 396 2338 Quod
412 2270 436 2328 si
452 2288 505 2328 nec
519 2270 691 2328 liniamenta
705 2288 758 2328 nec
772 2270 888 2344 puritas
904 2290 962 2331 nec
975 2271 1126 2350 spissitudo

116 2360 146 2418 in
178 2360 280 2418 eadem
309 2359 396 2417 urina
427 2379 443 2416 a
475 2376 506 2417 se
537 2359 713 2435 singillatim
740 2361 875 2432 separato
904 2365 999 2434 sunt,
1033 2367 1074 2422 ita
1098 2365 1128 2420 ul

76 2458 104 2503 25
119 2450 278 2526 separatim
292 2449 388 2508 videri
412 2451 542 2523 possunt,
565 2447 617 2506 sed
639 2448 664 2505 si
686 2448 729 2505 ita
751 2447 924 2506 intermixta
947 2455 1034 2528 sunt,
1057 2449 1127 2528 quod

116 2538 242 2598 discerni
264 2558 323 2598 non
346 2540 481 2613 possunt:
505 2537 587 2596 vivet
609 2538 640 2594 et
662 2537 851 2610 convalescet,
876 2541 1128 2613 quemadmodum

116 2630 227 2688 multae
254 2627 437 2704 periculosae
467 2628 657 2700 tempestates
680 2644 740 2684 non
762 2627 915 2696 oriuntur,
946 2647 1023 2688 cum
1045 2631 1128 2689 nubes

116 2717 147 2773 in
177 2717 256 2776 caelo
285 2717 450 2793 aequaliter
478 2717 632 2790 apparent.
682 2712 757 2773 Nam
783 2715 852 2774 tabo
884 2719 916 2774 ct
948 2720 1076 2795 sanguis
1104 2722 1129 2777 et

117 2803 255 2864 humores
285 2825 314 2864 se
343 2806 379 2864 ab
401 2805 527 2863 invicem
554 2822 613 2862 non
641 2807 791 2879 separant,
823 2804 873 2863 sed
897 2805 935 2863 ad
958 2808 1061 2866 vitam
1082 2807 1130 2866 sibi

77 2904 105 2948 ³0
119 2894 275 2952 coniuncte
290 2899 368 2955 sunt.
399 2894 456 2952 Sed
472 2894 497 2952 si
519 2893 549 2951 in
573 2892 674 2951 eadem
696 2893 783 2951 urina
806 2893 953 2970 quaedam
979 2899 1131 2957 varietates

118 2982 265 3056 videntur,
289 2983 338 3040 sed
361 3002 421 3041 non
443 3002 496 3058 per
511 2984 607 3040 totam
630 2982 756 3054 urinam,
779 2983 920 3043 humores
944 2984 1133 3062 aliquantum

118 3070 248 3146 seperari
263 3070 418 3147 incipiunt.
445 3071 501 3131 Sed
510 3071 546 3129 ad
557 3072 680 3146 plenum
696 3070 753 3130 hoc
768 3091 827 3131 non
842 3072 993 3147 perficere
1003 3077 1133 3151 possunt.

117 3161 158 3219 Et
173 3160 198 3219 si
213 3159 245 3216 in
260 3159 361 3218 eadem
373 3160 461 3218 urina
475 3163 612 3236 superius
634 3159 750 3219 modica
772 3161 888 3235 puritas
913 3164 973 3238 est,
1005 3164 1077 3224 tabo
1100 3165 1134 3223 ab

117 3246 293 3309 humoribus
307 3249 439 3325 separari
453 3250 567 3326 incipit,
582 3253 612 3307 et
626 3249 652 3307 si
667 3252 740 3307 tunc
754 3250 861 3309 subtus
875 3251 961 3310 nulla
977 3254 1133 3314 varietatis

78 3351 106 3395 35
120 3340 291 3398 liniamenta
318 3338 441 3397 discerni
468 3342 605 3414 possunt,
627 3337 766 3398 humores
795 3340 831 3398 ab
858 3339 989 3401 invicem
1020 3363 1052 3403 se
1081 3363 1136 3403 non

118 3429 266 3504 separant,
293 3429 323 3486 et
349 3426 415 3485 ideo
443 3427 532 3486 homo
559 3427 610 3485 ille
636 3427 726 3488 vivet.
772 3426 830 3487 Sed
856 3431 959 3489 tamen
989 3434 1138 3508 quaedam

119 3516 278 3592 spissitudo
306 3517 473 3592 inseparata
500 3515 541 3573 ibi
569 3519 704 3591 apparet,
739 3519 819 3593 quod
844 3519 988 3580 humores
1021 3523 1059 3582 ab
1092 3524 1134 3582 in·
