2460 3862
336 135 480 192 CAUSAE
499 137 546 192 ΕΤ
565 136 686 193 OURAE
704 134 773 193 LlB.
791 134 839 192 IV.
1039 142 1101 203 185

83 340 153 381 nem
175 318 344 380 liberabunt
366 325 420 382 ant
441 321 505 398 ipss
527 323 672 382 morietur
704 325 759 381 snt
782 321 854 381 deus
882 340 952 381 eum
977 321 1100 380 liberari

82 428 144 470 non
175 410 251 470 vult
294 408 370 468 Nam
401 410 533 472 diversae
564 414 595 470 et
625 410 739 471 nobiles
768 410 875 470 herbae
906 413 937 470 et
962 411 1100 486 pulveres

83 503 176 576 atque
199 499 389 559 condimenta
410 500 557 561 nobilium
584 498 745 560 herbarum
776 500 942 560 inordinate
971 505 1102 559 eomestn

82 589 163 648 sanis
189 587 359 648 hominibus
390 608 450 649 non
482 589 649 665 proderunt
680 588 732 649 sed
754 589 854 665 potius
877 589 1037 648 laesionem
1059 590 1101 650 eis

83 678 227 753 inferunt,
254 677 298 737 ita
320 677 402 754 quod
424 679 600 755 sangninem
621 696 725 738 eorum
752 678 916 737 arefaciunt
943 681 974 737 et
1001 686 1128 738 carnoso

84 786 192 827 eorum
214 773 370 842 manerent,
396 768 535 844 quoniam
558 767 697 828 humores
719 767 787 827 illos
809 767 841 826 in
857 767 899 826 eis
914 785 972 826 non
987 767 1101 827 inveni·

84 860 150 932 unt,
173 857 205 914 in
230 855 339 933 quibus
361 858 439 916 vires
463 876 530 916 suas
554 875 686 916 exeroere
708 860 843 933 possunt.
872 855 946 914 Nam
962 855 994 915 in
1008 855 1102 915 homi·

83 944 173 1005 nibus
196 945 274 1005 vires
295 963 356 1004 non
378 950 490 1023 augent
511 965 565 1006 neo
588 964 688 1006 earnes
711 965 814 1005 eorum
837 963 965 1006 oresoere
980 945 1102 1019 faciunt,

84 1035 138 1094 sed
161 1038 280 1095 tantum
303 1036 397 1095 malos
420 1035 567 1109 humores,
596 1035 705 1113 quibus
728 1035 929 1108 adversantur,
952 1035 1100 1095 minuunt.

84 1123 143 1184 Sed
167 1142 235 1184 oum
259 1124 295 1183 ab
319 1124 420 1202 aliquo
443 1128 611 1198 sumuntur,
643 1125 700 1184 boo
732 1125 856 1185 discrete
878 1128 908 1183 et
930 1122 1100 1183 rationabili
1113 1131 1141 1178 1⁰

84 1214 261 1273 nenessitato
283 1212 344 1289 fiat,
367 1218 400 1273 et
423 1233 490 1274 oum
513 1233 589 1290 pane
611 1214 660 1274 vel
681 1215 713 1273 in
735 1215 805 1273 rino
828 1215 876 1273 vel
891 1232 959 1273 oum
974 1212 1033 1272 alio
1049 1213 1100 1272 ali·

86 1321 147 1379 quo
171 1302 357 1363 condimento
376 1303 519 1378 oiborum,
535 1305 566 1362 et
580 1321 648 1362 raro
663 1302 764 1362 ieiuno
780 1303 893 1361 bomini
908 1302 1100 1378 ancipiantur,

84 1392 220 1469 alioquin
242 1395 347 1467 peetus
376 1393 520 1453 sumentis
542 1392 688 1452 suffocant
714 1395 744 1451 et
766 1393 937 1468 pulmonem
960 1393 1025 1452 eins
1043 1392 1101 1451 las-

85 1481 163 1541 dunt
202 1500 236 1540 ao
270 1482 454 1542 stomachum
484 1481 566 1540 illins
602 1482 763 1541 incidentes
800 1481 927 1540 debilem
963 1480 1100 1552 reddunt,

86 1569 231 1647 quoniam
253 1568 362 1647 absque
385 1571 570 1631 condimento
594 1574 714 1646 sumpta
736 1575 818 1643 sunt;
842 1570 922 1646 quod
945 1570 1142 1649 sioutpul-15

86 1659 134 1719 vis
156 1664 260 1730 terrae,
295 1678 383 1736 quem
409 1660 500 1719 bomo
522 1660 684 1719 introrsum
706 1660 806 1735 trabit,
842 1678 910 1718 eum
933 1659 1033 1731 laedit,
1061 1660 1103 1719 sio

86 1757 118 1808 et
140 1749 199 1808 ista
220 1748 387 1809 inordinate
409 1754 528 1825 aooepta
549 1749 697 1809 bominem
721 1750 815 1825 magis
838 1749 876 1808 ad
892 1748 1102 1808 detrimentum

86 1857 178 1914 quam
201 1838 238 1896 ad
261 1839 415 1898 sanitatem
439 1838 560 1899 duonnt.
604 1836 681 1897 Nam
702 1839 734 1896 in
756 1838 821 1897 oibo
842 1838 890 1898 vel
908 1838 977 1913 post
1005 1837 1103 1897 eibum

85 1926 215 1987 hominis
236 1927 304 1987 ideo
320 1928 478 2004 praeoipne
494 1928 663 2004 accipienda
682 1930 759 2002 sunt,
784 1926 863 2004 quod
879 1930 950 1986 tuno
965 1927 1103 1987 humores

86 2017 222 2076 ciborum
248 2016 369 2076 illorum
397 2020 552 2076 attenuant
582 2020 612 2076 ot
639 2016 789 2076 hominem
817 2019 972 2092 aeoeptum
1004 2016 1103 2076 cibum
1116 2022 1143 2066 20

86 2106 221 2184 digerere
252 2106 375 2182 faciunt,
407 2108 528 2182 excepto
560 2107 584 2165 si
611 2106 699 2165 homo
722 2106 894 2165 huiusmodi
916 2105 1102 2166 infirmitates

86 2195 188 2270 babet,
212 2198 315 2255 oontra
338 2213 413 2271 quas
435 2195 547 2254 nobiles
570 2198 600 2254 et
622 2195 714 2255 fortes
738 2195 844 2255 herbas
867 2199 919 2254 aut
938 2196 1104 2270 pretiosum

85 2284 240 2361 pulverem
261 2284 379 2344 ieiunus
402 2288 576 2360 accepturus
598 2285 646 2346 sit.

568 2513 620 2577 IV.

158 2635 234 2694 Item
263 2636 299 2696 de
329 2639 475 2697 menstrui
504 2639 673 2700 retentione.
730 2632 754 2719 1)
765 2637 873 2696 Mulier
902 2656 989 2715 ergo,
1026 2658 1102 2715 quae
1116 2651 1143 2695 25

86 2723 224 2783 obstrusa
246 2729 398 2785 menstrua
420 2726 536 2802 patitur
559 2729 589 2785 et
608 2726 675 2786 inde
704 2727 799 2803 dolet,
828 2727 953 2803 accipiat
982 2746 1103 2788 anesum

86 2815 118 2871 et
144 2813 342 2891 febrefugiam
370 2816 487 2892 aequali
514 2815 643 2890 pondere
670 2820 700 2875 et
726 2817 887 2876 wullenam
916 2817 1104 2893 aliquantum

85 2901 167 2977 plus,
196 2921 285 2978 quam
312 2905 401 2965 unius
427 2905 553 2963 istorum
580 2905 634 2980 sit,
665 2909 696 2964 et
727 2925 776 2964 eas
804 2908 913 2982 eoquat
940 2911 1045 2982 aperto
1074 2912 1104 2967 et

85 2990 198 3051 fluento
233 2992 366 3070 flumine,
405 2994 485 3070 quod
523 2999 553 3052 et
586 2994 647 3052 sole
680 2998 710 3053 et
742 3014 807 3054 aare
838 2998 1038 3073 temperatur,
1073 3001 1103 3056 et

85 3086 159 3140 tuno
193 3081 282 3140 etiam
319 3086 417 3141 sumat
453 3083 560 3142 lateres
598 3085 628 3142 et
666 3101 714 3142 eos
748 3084 779 3142 in
813 3084 912 3161 ignem
945 3089 1039 3160 ponat
1072 3088 1142 3144 eteo

86 3187 186 3229 assum
213 3169 351 3230 balneum
387 3190 455 3230 oum
483 3171 633 3247 praedicta
660 3191 737 3248 aque
763 3176 793 3232 et
818 3174 978 3249 praedietis
1006 3173 1103 3233 herbis

85 3258 183 3322 feriat.
229 3259 362 3336 Oumque
389 3261 445 3320 hoo
472 3261 610 3320 balneum
633 3262 804 3330 intraverit,
832 3281 921 3340 super
945 3262 1102 3322 scabellam

85 3346 191 3408 herbas
213 3348 285 3409 istas
308 3350 416 3409 calidas
438 3355 530 3425 ponat
552 3355 582 3409 et
605 3350 732 3426 desuper
754 3351 852 3411 sedeat
874 3354 964 3427 atque
987 3351 1102 3410 easdem

160 3537 183 3609 ι)
201 3556 228 3593 v.
247 3538 361 3609 so-p.
383 3539 468 3606 rena
490 3567 521 3586 .-.
542 3539 639 3612 Migna
659 3541 779 3596 117413.
