2460 3862
128 130 168 190 72
374 148 385 199 .·
512 123 758 181 munerans

125 308 211 368 ebrae
233 308 352 380 formae,
377 328 452 384 quae
475 310 511 369 de
529 309 654 386 pulchro
669 310 752 387 ligno
767 308 810 384 fit,
834 308 977 385 quoniam
991 307 1143 371 diabolice

125 397 278 475 suggestio
304 397 465 474 plurimam
491 400 662 459 societatem
683 398 774 458 habet
795 398 827 456 in
849 398 1057 459 coniunctione
1078 398 1143 475 illa,

125 505 195 546 cum
216 487 249 545 in
270 486 369 545 multa
390 489 595 564 superfluitate
619 488 810 549 seminantur.
857 485 913 546 Sed
936 489 1046 561 11111111,
1069 506 1140 547 cum

124 576 176 634 isti
202 576 234 634 in
261 576 334 635 bene
360 580 391 634 et
416 581 496 639 reete
523 578 675 638 moderato
704 576 809 636 ardore
837 576 1031 652 amplexionis
1059 581 1138 653 sunt,

98 665 179 742 5qui
206 668 279 724 tunc
311 683 346 723 ex
377 666 449 742 ipsis
481 671 659 742 nascuntur,
691 666 777 726 valde
808 665 955 741 sapientes
988 669 1020 725 et
1055 666 1141 727 valde

125 754 215 813 utiles
245 772 278 813 sc
305 754 390 814 valde
417 756 530 816 veloces
558 760 646 816 erunt
673 759 762 832 atque
788 754 884 814 virilis
911 754 998 814 feciei
1021 757 1140 831 111111-

125 843 211 903 chrae
233 843 476 919 pulchritudinis,

190 934 236 992 Dc
257 934 441 1008 sanguineis.
475 935 539 994 Alii
562 938 662 995 autem
684 933 808 993 musculi
830 936 908 1008 sunt,
932 933 986 1009 qui
1007 933 1137 993 calidum

125 1022 278 1082 cerebrum
307 1022 416 1082 babent
442 1027 473 1082 et
500 1023 655 1084 amabilem
684 1024 811 1082 colorem
839 1021 926 1082 faciei
956 1020 1083 1082 candore
1110 1025 1139 1082 11

85 1120 112 1165 15
126 1111 269 1171 rubedine
299 1112 478 1187 permixtum
510 1132 544 1172 ac
575 1113 701 1191 pingues
736 1129 825 1172 venas
860 1111 1004 1186 sanguine
1036 1112 1136 1187 plenas

58 1192 61 1199 ’
125 1204 215 1278 atque
242 1200 370 1275 spissum
396 1202 570 1279 sanguinem
597 1203 671 1262 recti
703 1204 733 1260 et
759 1201 844 1260 rubei
871 1200 985 1262 coloris.
1030 1199 1139 1260 Sedet

125 1289 327 1349 delectabilem
350 1289 505 1350 humorem
526 1292 557 1349 in
580 1311 611 1351 se
633 1291 755 1364 habent,
784 1290 838 1367 qui
865 1307 917 1349 uec
938 1289 1066 1349 tristitia
1088 1306 1138 1349 nec

125 1379 285 1438 acerbitate
317 1396 472 1455 oppressus
504 1384 557 1456 est,
589 1384 619 1440 et
651 1400 740 1458 quem
771 1378 915 1439 acerbitas
946 1379 1137 1439 melancoliae

124 1468 256 1546 fugitet
278 1467 398 1530 (1111111.
429 1469 468 1529 Et
491 1470 631 1547 quoniam
654 1468 783 1530 calidum
805 1467 959 1528 cerebrum
982 1470 1012 1526 11
1026 1471 1140 1528 rectum

84 1565 112 1612 11
124 1557 297 1635 sanguinem
320 1557 439 1635 habent,
461 1562 491 1618 et
507 1560 646 1636 quoniam
660 1560 800 1618 humores
816 1576 919 1616 eorum
935 1557 1071 1633 oppressi
1085 1576 1141 1617 nou

125 1650 202 1718 sunt,
225 1647 351 1723 pingues
374 1666 473 1708 carnes
495 1650 527 1708 in
556 1649 731 1725 corporibus
758 1647 819 1706 suis
845 1645 963 1705 habent.
1009 1644 1138 1706 Consue-

124 1736 199 1794 tudo
223 1739 333 1812 11111111,
357 1738 484 1812 quaein
507 1737 667 1797 femoribus
690 1756 793 1796 eorum
816 1739 871 1810 est,
899 1735 995 1812 magis
1017 1740 1141 1796 ventosa

125 1828 170 1883 est
192 1843 280 1901 quam
303 1826 402 1903 ignea,
435 1829 465 1886 et
492 1828 529 1887 ob
556 1827 613 1886 hoc
640 1825 847 1886 abstinentium
873 1823 982 1883 babere
1007 1829 1141 1901 possunt,

126 1913 196 1990 quia
218 1914 367 1990 plurimus
389 1920 502 1991 ventus,
526 1917 632 1992 quiin
654 1915 816 1975 femoribus
839 1933 942 1973 eorum
965 1916 1017 1989 est,
1043 1914 1142 1992 ignem

84 2003 156 2061 isin
187 2003 229 2062 eis
262 2005 421 2080 compescit
453 2009 483 2064 et
513 2008 667 2081 temperat.
712 2005 752 2063 Et
778 2022 847 2063 curn
875 2002 955 2062 idem
981 2006 1091 2063 ventus
1113 2006 1143 2063 11

125 2092 202 2168 ignis
224 2092 256 2150 in
278 2094 404 2153 istorum
427 2094 486 2153 duo
509 2095 700 2154 tabernacula
721 2093 872 2152 interdum
895 2092 1020 2167 cadunt,
1044 2092 1143 2152 omnia

126 2181 223 2241 officia
246 2199 299 2240 sua
321 2183 353 2241 in
375 2183 485 2243 honore
507 2187 537 2242 11
559 2184 657 2243 sobrio
682 2201 781 2241 umore
805 2181 969 2257 perficiunt,
992 2181 1037 2240 ita
1060 2181 1141 2257 quod

125 2271 215 2329 etism
238 2271 329 2347 stirps
352 2291 455 2330 eorum
486 2273 516 2331 in
538 2273 641 2332 florem
662 2270 821 2331 honorifice
843 2269 970 2346 frondet,
999 2271 1141 2346 quoniam

123 2360 174 2419 isti
198 2379 322 2419 aureum
345 2361 511 2421 aedificium
533 2363 564 2420 in
587 2365 666 2421 recta
688 2360 872 2438 amplexione
894 2359 1045 2435 dicuntur,
1070 2361 1141 2436 quia

84 2457 112 2503 15
125 2449 309 2510 rationalitas
332 2452 421 2509 sentit
449 2452 480 2510 in
504 2447 559 2526 eis,
591 2452 669 2510 unde
691 2451 742 2526 sit,
776 2468 809 2508 ac
831 2449 897 2508 ideo
919 2448 1087 2508 moderatio
1109 2450 1140 2509 in

125 2539 165 2598 eis
196 2539 231 2597 fit
263 2544 293 2599 et
319 2539 441 2598 humani
468 2543 578 2617 gestus.
622 2541 661 2598 Et
688 2539 734 2598 his
757 2556 872 2598 necesse
895 2540 952 2609 est,
984 2541 1020 2596 ut
1050 2557 1081 2598 ee
1104 2539 1140 2598 ad

124 2629 337 2688 habitationem
383 2630 518 2689 virorum
560 2629 756 2706 coniungant,
801 2627 941 2703 quoniam
983 2627 1142 2688 muliebris

125 2721 233 2776 natura
264 2719 384 2778 suavior
416 2722 446 2777 et
476 2719 570 2779 levior
597 2721 641 2776 est
668 2738 759 2794 quem
786 2716 882 2777 virilis
913 2720 1030 2780 nutura.
1083 2715 1139 2776 Sed

127 2825 194 2864 cum
224 2808 400 2866 mulieribus
427 2808 458 2864 in
485 2808 637 2866 honestate
670 2809 700 2866 11
731 2805 888 2864 fertilitate
927 2823 990 2864 esse
1016 2808 1143 2881 possunt

84 2898 207 2953 111111
231 2897 320 2954 etiam
343 2895 379 2953 ab
402 2897 443 2955 eis
466 2896 612 2956 abstinere
633 2896 733 2955 valent
756 2898 786 2954 et
813 2893 946 2970 pulchris
977 2897 1008 2952 et
1034 2895 1142 2954 sobriis

127 2985 221 3043 oculis
244 3003 292 3043 eas
314 2985 487 3060 inspiciunt,
516 2986 668 3061 quoniam,
701 2984 754 3043 ubi
778 2984 856 3044 oculi
880 2984 1009 3042 aliorum
1031 2984 1070 3043 ad
1092 3001 1140 3043 111

125 3073 211 3132 velut
233 3074 357 3150 sagittae
380 3078 457 3150 sunt,
481 3075 524 3133 ibi
540 3075 619 3133 oculi
633 3075 761 3134 istorum
777 3074 813 3132 ed
830 3074 908 3149 ipsas
923 3072 1045 3132 honeste
1061 3091 1139 3150 sym·

125 3162 293 3239 phonizcnt,
310 3165 339 3221 et
355 3163 407 3222 ubi
423 3165 543 3235 auditus
559 3164 687 3224 aliorum
703 3164 788 3240 quasi
807 3161 1008 3222 validissimus
1030 3165 1139 3221 ventus

125 3252 162 3311 ad
189 3253 267 3328 ipsas
296 3255 379 3327 sunt,
409 3253 451 3312 ibi
474 3253 595 3312 auditus
618 3254 745 3313 istorum
769 3253 852 3313 velut
874 3269 980 3310 sonum
1007 3251 1138 3310 citharae

84 3341 243 3417 3511111111,
274 3345 304 3400 11
331 3343 383 3401 ubi
416 3343 606 3419 cogitationes
634 3344 762 3402 aliorum
789 3342 875 3418 quasi
901 3340 1032 3415 procella
1059 3343 1138 3416 sunt,

125 3431 168 3489 ibi
198 3431 249 3490 isti
279 3431 440 3507 prudentes
472 3434 618 3491 amatores
653 3433 685 3491 in
725 3429 948 3490 honorificentia
981 3432 1134 3490 vocantur.

126 3518 218 3596 Saepe
242 3523 341 3580 autem
363 3522 472 3580 multas
495 3540 602 3598 poenes
625 3521 780 3593 sustinent,
812 3520 866 3579 ubi
888 3519 919 3578 in
938 3519 1137 3595 possibilitate
