<?xml version="1.0" encoding="UTF-8"?>
<!DOCTYPE html PUBLIC "-//W3C//DTD XHTML 1.0 Transitional//EN"
    "http://www.w3.org/TR/xhtml1/DTD/xhtml1-transitional.dtd">
<html xmlns="http://www.w3.org/1999/xhtml" xml:lang="en" lang="en">
 <head>
  <title>
</title>
<meta http-equiv="Content-Type" content="text/html;charset=utf-8" />
  <meta name='ocr-system' content='tesseract 3.04.00' />
  <meta name='ocr-capabilities' content='ocr_page ocr_carea ocr_par ocr_line ocrx_word'/>
</head>
<body>
  <div class='ocr_page' id='page_1' title='image "./hildegardiscaus01hildgoog_0065.png"; bbox 0 0 2460 3862; ppageno 0'>
   <div class='ocr_carea' id='block_1_1' title="bbox 167 131 802 198">
    <p class='ocr_par' dir='ltr' id='par_1_1' title="bbox 167 131 802 198">
     <span class='ocr_line' id='line_1_1' title="bbox 167 131 802 198; baseline 0.003 -11"><span class='ocrx_word' id='word_1_1' title='bbox 167 140 209 198; x_wconf 79' lang='lat'><strong>54</strong></span> <span class='ocrx_word' id='word_1_2' title='bbox 552 131 802 190; x_wconf 68' lang='lat' dir='ltr'><strong>muraenula</strong></span> 
     </span>
    </p>
   </div>
   <div class='ocr_carea' id='block_1_2' title="bbox 118 317 1222 3609">
    <p class='ocr_par' dir='ltr' id='par_1_2' title="bbox 118 317 1222 3609">
     <span class='ocr_line' id='line_1_2' title="bbox 165 317 1180 394; baseline 0.003 -16"><span class='ocrx_word' id='word_1_3' title='bbox 165 319 206 378; x_wconf 80' lang='lat' dir='ltr'><strong>llt</strong></span> <span class='ocrx_word' id='word_1_4' title='bbox 228 318 323 394; x_wconf 89' lang='lat' dir='ltr'><strong>aliqui</strong></span> <span class='ocrx_word' id='word_1_5' title='bbox 344 318 471 377; x_wconf 89' lang='lat' dir='ltr'><strong>istorum</strong></span> <span class='ocrx_word' id='word_1_6' title='bbox 494 317 547 377; x_wconf 88' lang='lat' dir='ltr'><strong>diu</strong></span> <span class='ocrx_word' id='word_1_7' title='bbox 568 317 691 394; x_wconf 75' lang='lat' dir='ltr'><strong>vivunt,</strong></span> <span class='ocrx_word' id='word_1_8' title='bbox 720 317 772 377; x_wconf 84' lang='lat' dir='ltr'><strong>aad</strong></span> <span class='ocrx_word' id='word_1_9' title='bbox 798 320 898 378; x_wconf 72' lang='grc'>111111</span> <span class='ocrx_word' id='word_1_10' title='bbox 920 318 1018 379; x_wconf 83' lang='lat' dir='ltr'><strong>maior</strong></span> <span class='ocrx_word' id='word_1_11' title='bbox 1038 339 1180 381; x_wconf 82' lang='lat' dir='ltr'><strong>uumerus</strong></span> 
     </span>
     <span class='ocr_line' id='line_1_3' title="bbox 165 407 684 468; baseline 0.004 -2"><span class='ocrx_word' id='word_1_12' title='bbox 165 427 270 466; x_wconf 88' lang='lat' dir='ltr'><strong>eorum</strong></span> <span class='ocrx_word' id='word_1_13' title='bbox 292 407 351 466; x_wconf 90' lang='lat' dir='ltr'><strong>cito</strong></span> <span class='ocrx_word' id='word_1_14' title='bbox 373 407 405 466; x_wconf 89' lang='grc'><strong>11</strong></span> <span class='ocrx_word' id='word_1_15' title='bbox 427 410 556 467; x_wconf 88' lang='lat' dir='ltr'><strong>mortem</strong></span> <span class='ocrx_word' id='word_1_16' title='bbox 576 407 684 468; x_wconf 82' lang='lat' dir='ltr'><strong>deficit</strong></span> 
     </span>
     <span class='ocr_line' id='line_1_4' title="bbox 232 495 1180 573; baseline 0.003 -17"><span class='ocrx_word' id='word_1_17' title='bbox 232 496 282 558; x_wconf 86' lang='lat' dir='ltr'><strong>De</strong></span> <span class='ocrx_word' id='word_1_18' title='bbox 292 498 393 557; x_wconf 58' lang='lat' dir='ltr'><strong>mata.</strong></span> <span class='ocrx_word' id='word_1_19' title='bbox 418 495 505 567; x_wconf 82' lang='lat' dir='ltr'><strong>Quod</strong></span> <span class='ocrx_word' id='word_1_20' title='bbox 516 496 542 556; x_wconf 90' lang='lat' dir='ltr'><strong>si</strong></span> <span class='ocrx_word' id='word_1_21' title='bbox 552 495 711 556; x_wconf 87' lang='lat' dir='ltr'><strong>humidum</strong></span> <span class='ocrx_word' id='word_1_22' title='bbox 723 499 778 556; x_wconf 90' lang='lat' dir='ltr'><strong>aut</strong></span> <span class='ocrx_word' id='word_1_23' title='bbox 787 513 901 573; x_wconf 90' lang='lat' dir='ltr'><strong>spuma,</strong></span> <span class='ocrx_word' id='word_1_24' title='bbox 914 515 992 573; x_wconf 86' lang='lat' dir='ltr'><strong>quae</strong></span> <span class='ocrx_word' id='word_1_25' title='bbox 1003 497 1098 557; x_wconf 88' lang='lat' dir='ltr'><strong>etiam</strong></span> <span class='ocrx_word' id='word_1_26' title='bbox 1112 502 1180 559; x_wconf 88' lang='lat' dir='ltr'><strong>tuuc</strong></span> 
     </span>
     <span class='ocr_line' id='line_1_5' title="bbox 164 585 1180 663; baseline 0.005 -19"><span class='ocrx_word' id='word_1_27' title='bbox 164 585 207 644; x_wconf 93' lang='lat' dir='ltr'><strong>ibi</strong></span> <span class='ocrx_word' id='word_1_28' title='bbox 234 587 306 646; x_wconf 90' lang='lat' dir='ltr'><strong>sunt</strong></span> <span class='ocrx_word' id='word_1_29' title='bbox 331 587 477 645; x_wconf 86' lang='lat' dir='ltr'><strong>attractus</strong></span> <span class='ocrx_word' id='word_1_30' title='bbox 503 585 582 645; x_wconf 83' lang='lat' dir='ltr'><strong>livor</strong></span> <span class='ocrx_word' id='word_1_31' title='bbox 606 585 828 661; x_wconf 83' lang='lat' dir='ltr'><strong>praedictorum</strong></span> <span class='ocrx_word' id='word_1_32' title='bbox 849 585 1038 663; x_wconf 84' lang='lat' dir='ltr'><strong>flegmatum,</strong></span> <span class='ocrx_word' id='word_1_33' title='bbox 1072 587 1180 648; x_wconf 81' lang='lat' dir='ltr'><strong>scilicet</strong></span> 
     </span>
     <span class='ocr_line' id='line_1_6' title="bbox 138 673 1180 751; baseline 0.003 -17"><span class='ocrx_word' id='word_1_34' title='bbox 138 687 153 734; x_wconf 80' lang='lat'><strong>5</strong></span> <span class='ocrx_word' id='word_1_35' title='bbox 165 674 263 749; x_wconf 85' lang='lat' dir='ltr'><strong>tepidi</strong></span> <span class='ocrx_word' id='word_1_36' title='bbox 276 677 307 734; x_wconf 89' lang='lat' dir='ltr'><strong>et</strong></span> <span class='ocrx_word' id='word_1_37' title='bbox 326 675 405 750; x_wconf 87' lang='lat' dir='ltr'><strong>sicci,</strong></span> <span class='ocrx_word' id='word_1_38' title='bbox 427 678 459 733; x_wconf 88' lang='lat' dir='ltr'><strong>et</strong></span> <span class='ocrx_word' id='word_1_39' title='bbox 472 674 539 733; x_wconf 89' lang='lat' dir='ltr'><strong>iure</strong></span> <span class='ocrx_word' id='word_1_40' title='bbox 554 674 586 733; x_wconf 93' lang='grc'><strong>11</strong></span> <span class='ocrx_word' id='word_1_41' title='bbox 602 675 703 751; x_wconf 89' lang='lat' dir='ltr'><strong>quiete</strong></span> <span class='ocrx_word' id='word_1_42' title='bbox 718 693 780 734; x_wconf 76' lang='lat' dir='ltr'><strong>eme</strong></span> <span class='ocrx_word' id='word_1_43' title='bbox 795 673 943 750; x_wconf 85' lang='lat' dir='ltr'><strong>deberent,</strong></span> <span class='ocrx_word' id='word_1_44' title='bbox 957 674 1085 736; x_wconf 79' lang='lat' dir='ltr'><strong>modum</strong></span> <span class='ocrx_word' id='word_1_45' title='bbox 1096 695 1180 737; x_wconf 91' lang='lat' dir='ltr'><strong>auum</strong></span> 
     </span>
     <span class='ocr_line' id='line_1_7' title="bbox 165 762 1179 844; baseline 0.003 -22"><span class='ocrx_word' id='word_1_46' title='bbox 165 765 353 824; x_wconf 75' lang='lat' dir='ltr'><strong>excesserint:</strong></span> <span class='ocrx_word' id='word_1_47' title='bbox 374 762 533 823; x_wconf 83' lang='lat' dir='ltr'><strong>humidum</strong></span> <span class='ocrx_word' id='word_1_48' title='bbox 551 765 635 824; x_wconf 86' lang='lat' dir='ltr'><strong>velut</strong></span> <span class='ocrx_word' id='word_1_49' title='bbox 654 764 816 825; x_wconf 75' lang='lat' dir='ltr'><strong>ferventem</strong></span> <span class='ocrx_word' id='word_1_50' title='bbox 834 781 983 840; x_wconf 87' lang='lat' dir='ltr'><strong>aquosum</strong></span> <span class='ocrx_word' id='word_1_51' title='bbox 996 763 1120 825; x_wconf 86' lang='lat' dir='ltr'><strong>fumum</strong></span> <span class='ocrx_word' id='word_1_52' title='bbox 1134 785 1179 844; x_wconf 84' lang='lat' dir='ltr'><strong>pe·</strong></span> 
     </span>
     <span class='ocr_line' id='line_1_8' title="bbox 163 852 1178 930; baseline 0.004 -19"><span class='ocrx_word' id='word_1_53' title='bbox 163 857 221 930; x_wconf 81' lang='lat' dir='ltr'><strong>rat,</strong></span> <span class='ocrx_word' id='word_1_54' title='bbox 237 856 268 912; x_wconf 89' lang='lat' dir='ltr'><strong>et</strong></span> <span class='ocrx_word' id='word_1_55' title='bbox 282 872 389 929; x_wconf 89' lang='lat' dir='ltr'><strong>spuma</strong></span> <span class='ocrx_word' id='word_1_56' title='bbox 404 852 520 930; x_wconf 90' lang='lat' dir='ltr'><strong>obligat</strong></span> <span class='ocrx_word' id='word_1_57' title='bbox 533 855 565 912; x_wconf 88' lang='lat' dir='ltr'><strong>et</strong></span> <span class='ocrx_word' id='word_1_58' title='bbox 580 853 749 930; x_wconf 88' lang='lat' dir='ltr'><strong>strangulat</strong></span> <span class='ocrx_word' id='word_1_59' title='bbox 762 853 995 913; x_wconf 68' lang='lat' dir='ltr'><strong>rationalitatem</strong></span> <span class='ocrx_word' id='word_1_60' title='bbox 1009 853 1041 913; x_wconf 92' lang='lat' dir='ltr'><strong>in</strong></span> <span class='ocrx_word' id='word_1_61' title='bbox 1052 854 1178 928; x_wconf 77' lang='lat' dir='ltr'><strong>homine,</strong></span> 
     </span>
     <span class='ocr_line' id='line_1_9' title="bbox 163 941 1178 1020; baseline 0.005 -20"><span class='ocrx_word' id='word_1_62' title='bbox 163 942 207 1002; x_wconf 87' lang='lat' dir='ltr'><strong>ita</strong></span> <span class='ocrx_word' id='word_1_63' title='bbox 221 942 302 1020; x_wconf 82' lang='lat' dir='ltr'><strong>quod</strong></span> <span class='ocrx_word' id='word_1_64' title='bbox 317 942 402 1020; x_wconf 87' lang='lat' dir='ltr'><strong>loqui</strong></span> <span class='ocrx_word' id='word_1_65' title='bbox 416 961 475 1002; x_wconf 89' lang='lat' dir='ltr'><strong>non</strong></span> <span class='ocrx_word' id='word_1_66' title='bbox 486 945 586 1018; x_wconf 88' lang='lat' dir='ltr'><strong>potest</strong></span> <span class='ocrx_word' id='word_1_67' title='bbox 595 942 646 1002; x_wconf 79' lang='lat' dir='ltr'><strong>sed</strong></span> <span class='ocrx_word' id='word_1_68' title='bbox 658 941 740 1019; x_wconf 78' lang='lat' dir='ltr'><strong>quod</strong></span> <span class='ocrx_word' id='word_1_69' title='bbox 750 942 937 1003; x_wconf 73' lang='lat' dir='ltr'><strong>obmutescit</strong></span> <span class='ocrx_word' id='word_1_70' title='bbox 968 941 1027 1003; x_wconf 77' lang='lat' dir='ltr'><strong>Sed</strong></span> <span class='ocrx_word' id='word_1_71' title='bbox 1038 944 1178 1020; x_wconf 88' lang='lat' dir='ltr'><strong>quoniam</strong></span> 
     </span>
     <span class='ocr_line' id='line_1_10' title="bbox 164 1031 1178 1108; baseline 0.004 -18"><span class='ocrx_word' id='word_1_72' title='bbox 164 1032 215 1091; x_wconf 91' lang='lat' dir='ltr'><strong>ille</strong></span> <span class='ocrx_word' id='word_1_73' title='bbox 237 1032 368 1091; x_wconf 84' lang='lat' dir='ltr'><strong>exterius</strong></span> <span class='ocrx_word' id='word_1_74' title='bbox 390 1032 476 1108; x_wconf 91' lang='lat' dir='ltr'><strong>loqui</strong></span> <span class='ocrx_word' id='word_1_75' title='bbox 497 1050 558 1091; x_wconf 91' lang='lat' dir='ltr'><strong>non</strong></span> <span class='ocrx_word' id='word_1_76' title='bbox 579 1031 671 1103; x_wconf 82' lang='lat' dir='ltr'><strong>valet,</strong></span> <span class='ocrx_word' id='word_1_77' title='bbox 699 1036 783 1091; x_wconf 90' lang='lat' dir='ltr'><strong>tauto</strong></span> <span class='ocrx_word' id='word_1_78' title='bbox 811 1031 972 1106; x_wconf 74' lang='lat' dir='ltr'><strong>sapientior</strong></span> <span class='ocrx_word' id='word_1_79' title='bbox 999 1031 1129 1094; x_wconf 80' lang='lat' dir='ltr'><strong>interius</strong></span> <span class='ocrx_word' id='word_1_80' title='bbox 1150 1033 1178 1093; x_wconf 88' lang='lat' dir='ltr'><strong>iu</strong></span> 
     </span>
     <span class='ocr_line' id='line_1_11' title="bbox 124 1120 1179 1200; baseline 0.005 -22"><span class='ocrx_word' id='word_1_81' title='bbox 124 1133 152 1179; x_wconf 86' lang='lat' dir='ltr'><strong>ro</strong></span> <span class='ocrx_word' id='word_1_82' title='bbox 165 1122 262 1180; x_wconf 88' lang='lat' dir='ltr'><strong>anima</strong></span> <span class='ocrx_word' id='word_1_83' title='bbox 284 1125 337 1192; x_wconf 76' lang='lat' dir='ltr'><strong>est</strong></span> <span class='ocrx_word' id='word_1_84' title='bbox 361 1123 392 1180; x_wconf 88' lang='lat' dir='ltr'><strong>et</strong></span> <span class='ocrx_word' id='word_1_85' title='bbox 406 1121 478 1197; x_wconf 89' lang='lat' dir='ltr'><strong>quia</strong></span> <span class='ocrx_word' id='word_1_86' title='bbox 492 1120 582 1179; x_wconf 88' lang='lat' dir='ltr'><strong>etiam</strong></span> <span class='ocrx_word' id='word_1_87' title='bbox 596 1121 782 1180; x_wconf 87' lang='lat' dir='ltr'><strong>rationalitas</strong></span> <span class='ocrx_word' id='word_1_88' title='bbox 796 1121 828 1180; x_wconf 91' lang='lat' dir='ltr'><strong>in</strong></span> <span class='ocrx_word' id='word_1_89' title='bbox 846 1120 912 1195; x_wconf 88' lang='lat' dir='ltr'><strong>ipso</strong></span> <span class='ocrx_word' id='word_1_90' title='bbox 933 1121 1065 1182; x_wconf 73' lang='lat' dir='ltr'><strong>aterius</strong></span> <span class='ocrx_word' id='word_1_91' title='bbox 1088 1122 1179 1200; x_wconf 83' lang='lat' dir='ltr'><strong>ligata</strong></span> 
     </span>
     <span class='ocr_line' id='line_1_12' title="bbox 164 1209 1222 1301; baseline 0.002 -31"><span class='ocrx_word' id='word_1_92' title='bbox 164 1214 217 1287; x_wconf 83' lang='lat' dir='ltr'><strong>est,</strong></span> <span class='ocrx_word' id='word_1_93' title='bbox 240 1211 362 1269; x_wconf 86' lang='lat' dir='ltr'><strong>scicntia</strong></span> <span class='ocrx_word' id='word_1_94' title='bbox 385 1210 448 1281; x_wconf 78' lang='lat' dir='ltr'><strong>eius</strong></span> <span class='ocrx_word' id='word_1_95' title='bbox 469 1210 501 1269; x_wconf 92' lang='grc'><strong>11</strong></span> <span class='ocrx_word' id='word_1_96' title='bbox 523 1210 588 1286; x_wconf 87' lang='lat' dir='ltr'><strong>ipso</strong></span> <span class='ocrx_word' id='word_1_97' title='bbox 610 1210 740 1287; x_wconf 87' lang='lat' dir='ltr'><strong>liquitur</strong></span> <span class='ocrx_word' id='word_1_98' title='bbox 762 1211 793 1269; x_wconf 89' lang='lat' dir='ltr'><strong>et</strong></span> <span class='ocrx_word' id='word_1_99' title='bbox 814 1210 912 1270; x_wconf 84' lang='lat' dir='ltr'><strong>sentit</strong></span> <span class='ocrx_word' id='word_1_100' title='bbox 956 1209 997 1269; x_wconf 78' lang='lat' dir='ltr'><strong>Et</strong></span> <span class='ocrx_word' id='word_1_101' title='bbox 1019 1209 1070 1270; x_wconf 91' lang='lat' dir='ltr'><strong>bic</strong></span> <span class='ocrx_word' id='word_1_102' title='bbox 1093 1212 1178 1272; x_wconf 89' lang='lat' dir='ltr'><strong>homo</strong></span> <span class='ocrx_word' id='word_1_103' title='bbox 1220 1244 1222 1301; x_wconf 47' lang='lat' dir='ltr'><strong>p</strong></span> 
     </span>
     <span class='ocr_line' id='line_1_13' title="bbox 163 1298 1222 1375; baseline 0.003 -18"><span class='ocrx_word' id='word_1_104' title='bbox 163 1299 259 1358; x_wconf 90' lang='lat' dir='ltr'><strong>malus</strong></span> <span class='ocrx_word' id='word_1_105' title='bbox 281 1317 341 1358; x_wconf 91' lang='lat' dir='ltr'><strong>non</strong></span> <span class='ocrx_word' id='word_1_106' title='bbox 364 1303 416 1375; x_wconf 75' lang='lat' dir='ltr'><strong>ast</strong></span> <span class='ocrx_word' id='word_1_107' title='bbox 439 1299 490 1359; x_wconf 79' lang='lat' dir='ltr'><strong>sed</strong></span> <span class='ocrx_word' id='word_1_108' title='bbox 512 1301 543 1358; x_wconf 85' lang='lat' dir='ltr'><strong>st</strong></span> <span class='ocrx_word' id='word_1_109' title='bbox 563 1318 653 1359; x_wconf 88' lang='lat' dir='ltr'><strong>sanus</strong></span> <span class='ocrx_word' id='word_1_110' title='bbox 674 1299 706 1357; x_wconf 89' lang='lat' dir='ltr'><strong>in</strong></span> <span class='ocrx_word' id='word_1_111' title='bbox 728 1317 852 1375; x_wconf 88' lang='lat' dir='ltr'><strong>corpore</strong></span> <span class='ocrx_word' id='word_1_112' title='bbox 874 1302 904 1358; x_wconf 88' lang='lat' dir='ltr'><strong>et</strong></span> <span class='ocrx_word' id='word_1_113' title='bbox 927 1298 981 1358; x_wconf 83' lang='lat' dir='ltr'><strong>diu</strong></span> <span class='ocrx_word' id='word_1_114' title='bbox 1002 1299 1092 1362; x_wconf 79' lang='lat' dir='ltr'><strong>vivit.</strong></span> <span class='ocrx_word' id='word_1_115' title='bbox 1220 1310 1222 1373; x_wconf 69' lang='lat' dir='ltr'><strong>l</strong></span> 
     </span>
     <span class='ocr_line' id='line_1_14' title="bbox 231 1387 1222 1465; baseline 0.003 -17"><span class='ocrx_word' id='word_1_116' title='bbox 231 1389 277 1448; x_wconf 81' lang='lat' dir='ltr'><strong>De</strong></span> <span class='ocrx_word' id='word_1_117' title='bbox 306 1389 442 1451; x_wconf 66' lang='lat' dir='ltr'><strong>basaa</strong></span> <span class='ocrx_word' id='word_1_118' title='bbox 486 1387 545 1447; x_wconf 82' lang='lat' dir='ltr'><strong>Sed</strong></span> <span class='ocrx_word' id='word_1_119' title='bbox 577 1406 647 1448; x_wconf 90' lang='lat' dir='ltr'><strong>cum</strong></span> <span class='ocrx_word' id='word_1_120' title='bbox 678 1389 709 1446; x_wconf 93' lang='grc'><strong>11</strong></span> <span class='ocrx_word' id='word_1_121' title='bbox 739 1389 841 1465; x_wconf 91' lang='lat' dir='ltr'><strong>aliquo</strong></span> <span class='ocrx_word' id='word_1_122' title='bbox 872 1387 990 1448; x_wconf 87' lang='lat' dir='ltr'><strong>homine</strong></span> <span class='ocrx_word' id='word_1_123' title='bbox 1021 1388 1179 1450; x_wconf 81' lang='lat' dir='ltr'><strong>humidum</strong></span> <span class='ocrx_word' id='word_1_124' title='bbox 1220 1396 1222 1403; x_wconf 89' lang='lat'>&#39;</span> 
     </span>
     <span class='ocr_line' id='line_1_15' title="bbox 163 1477 1179 1557; baseline 0.004 -21"><span class='ocrx_word' id='word_1_125' title='bbox 163 1478 371 1554; x_wconf 82' lang='lat' dir='ltr'><strong>superexcellit</strong></span> <span class='ocrx_word' id='word_1_126' title='bbox 393 1496 529 1554; x_wconf 88' lang='lat' dir='ltr'><strong>spumam</strong></span> <span class='ocrx_word' id='word_1_127' title='bbox 552 1481 582 1537; x_wconf 88' lang='lat' dir='ltr'><strong>et</strong></span> <span class='ocrx_word' id='word_1_128' title='bbox 605 1497 712 1553; x_wconf 82' lang='lat' dir='ltr'><strong>spuma</strong></span> <span class='ocrx_word' id='word_1_129' title='bbox 733 1477 844 1537; x_wconf 85' lang='lat' dir='ltr'><strong>siccum</strong></span> <span class='ocrx_word' id='word_1_130' title='bbox 867 1480 898 1537; x_wconf 88' lang='lat' dir='ltr'><strong>et</strong></span> <span class='ocrx_word' id='word_1_131' title='bbox 919 1477 1071 1554; x_wconf 87' lang='lat' dir='ltr'><strong>tepidum,</strong></span> <span class='ocrx_word' id='word_1_132' title='bbox 1107 1497 1179 1557; x_wconf 78' lang='lat' dir='ltr'><strong>quae</strong></span> 
     </span>
     <span class='ocr_line' id='line_1_16' title="bbox 123 1566 1178 1644; baseline 0.002 -18"><span class='ocrx_word' id='word_1_133' title='bbox 123 1570 343 1643; x_wconf 83' lang='lat' dir='ltr'><strong>15sequuntur‚</strong></span> <span class='ocrx_word' id='word_1_134' title='bbox 374 1570 448 1626; x_wconf 85' lang='lat' dir='ltr'><strong>tune</strong></span> <span class='ocrx_word' id='word_1_135' title='bbox 477 1566 549 1625; x_wconf 81' lang='lat' dir='ltr'><strong>haec</strong></span> <span class='ocrx_word' id='word_1_136' title='bbox 580 1567 639 1627; x_wconf 82' lang='lat' dir='ltr'><strong>(luo</strong></span> <span class='ocrx_word' id='word_1_137' title='bbox 666 1566 878 1644; x_wconf 85' lang='lat' dir='ltr'><strong>subsequentia</strong></span> <span class='ocrx_word' id='word_1_138' title='bbox 908 1566 1073 1626; x_wconf 86' lang='lat' dir='ltr'><strong>secundum</strong></span> <span class='ocrx_word' id='word_1_139' title='bbox 1105 1569 1178 1628; x_wconf 83' lang='lat' dir='ltr'><strong>vires</strong></span> 
     </span>
     <span class='ocr_line' id='line_1_17' title="bbox 162 1655 1179 1733; baseline 0.003 -19"><span class='ocrx_word' id='word_1_140' title='bbox 162 1675 231 1714; x_wconf 87' lang='lat' dir='ltr'><strong>suas</strong></span> <span class='ocrx_word' id='word_1_141' title='bbox 260 1656 383 1716; x_wconf 90' lang='lat' dir='ltr'><strong>illorum</strong></span> <span class='ocrx_word' id='word_1_142' title='bbox 410 1656 539 1716; x_wconf 84' lang='lat' dir='ltr'><strong>duorum</strong></span> <span class='ocrx_word' id='word_1_143' title='bbox 569 1655 822 1733; x_wconf 81' lang='lat' dir='ltr'><strong>praecedentium,</strong></span> <span class='ocrx_word' id='word_1_144' title='bbox 853 1655 966 1716; x_wconf 85' lang='lat' dir='ltr'><strong>seilicet</strong></span> <span class='ocrx_word' id='word_1_145' title='bbox 999 1655 1120 1716; x_wconf 84' lang='lat' dir='ltr'><strong>humidi</strong></span> <span class='ocrx_word' id='word_1_146' title='bbox 1152 1659 1179 1717; x_wconf 89' lang='lat' dir='ltr'><strong>et</strong></span> 
     </span>
     <span class='ocr_line' id='line_1_18' title="bbox 162 1744 1180 1820; baseline 0.005 -18"><span class='ocrx_word' id='word_1_147' title='bbox 162 1763 296 1820; x_wconf 84' lang='lat' dir='ltr'><strong>spumae,</strong></span> <span class='ocrx_word' id='word_1_148' title='bbox 324 1745 403 1804; x_wconf 89' lang='lat' dir='ltr'><strong>livor</strong></span> <span class='ocrx_word' id='word_1_149' title='bbox 425 1748 508 1815; x_wconf 82' lang='lat' dir='ltr'><strong>sunt,</strong></span> <span class='ocrx_word' id='word_1_150' title='bbox 537 1748 567 1803; x_wconf 85' lang='lat' dir='ltr'><strong>et</strong></span> <span class='ocrx_word' id='word_1_151' title='bbox 588 1744 645 1805; x_wconf 88' lang='lat' dir='ltr'><strong>ista</strong></span> <span class='ocrx_word' id='word_1_152' title='bbox 667 1746 757 1804; x_wconf 91' lang='lat' dir='ltr'><strong>homo</strong></span> <span class='ocrx_word' id='word_1_153' title='bbox 779 1745 958 1804; x_wconf 83' lang='lat' dir='ltr'><strong>naturaliter</strong></span> <span class='ocrx_word' id='word_1_154' title='bbox 979 1744 1067 1804; x_wconf 79' lang='lat' dir='ltr'><strong>valde</strong></span> <span class='ocrx_word' id='word_1_155' title='bbox 1090 1746 1180 1807; x_wconf 87' lang='lat' dir='ltr'><strong>bonos</strong></span> 
     </span>
     <span class='ocr_line' id='line_1_19' title="bbox 164 1833 1181 1910; baseline 0.003 -19"><span class='ocrx_word' id='word_1_156' title='bbox 164 1852 262 1893; x_wconf 88' lang='lat' dir='ltr'><strong>mores</strong></span> <span class='ocrx_word' id='word_1_157' title='bbox 284 1833 375 1893; x_wconf 88' lang='lat' dir='ltr'><strong>habet</strong></span> <span class='ocrx_word' id='word_1_158' title='bbox 398 1837 428 1893; x_wconf 87' lang='lat' dir='ltr'><strong>et</strong></span> <span class='ocrx_word' id='word_1_159' title='bbox 451 1834 546 1892; x_wconf 89' lang='lat' dir='ltr'><strong>laetus</strong></span> <span class='ocrx_word' id='word_1_160' title='bbox 570 1838 622 1910; x_wconf 87' lang='lat' dir='ltr'><strong>ast,</strong></span> <span class='ocrx_word' id='word_1_161' title='bbox 651 1839 682 1893; x_wconf 90' lang='lat' dir='ltr'><strong>et</strong></span> <span class='ocrx_word' id='word_1_162' title='bbox 704 1853 773 1894; x_wconf 88' lang='lat' dir='ltr'><strong>caro</strong></span> <span class='ocrx_word' id='word_1_163' title='bbox 797 1835 861 1894; x_wconf 85' lang='lat' dir='ltr'><strong>eius</strong></span> <span class='ocrx_word' id='word_1_164' title='bbox 884 1834 996 1906; x_wconf 83' lang='lat' dir='ltr'><strong>crescit,</strong></span> <span class='ocrx_word' id='word_1_165' title='bbox 1019 1853 1074 1895; x_wconf 88' lang='lat' dir='ltr'><strong>nec</strong></span> <span class='ocrx_word' id='word_1_166' title='bbox 1097 1835 1181 1897; x_wconf 88' lang='lat' dir='ltr'><strong>facile</strong></span> 
     </span>
     <span class='ocr_line' id='line_1_20' title="bbox 162 1922 1180 2003; baseline 0.006 -23"><span class='ocrx_word' id='word_1_167' title='bbox 162 1922 250 1981; x_wconf 81' lang='lat' dir='ltr'><strong>irasci</strong></span> <span class='ocrx_word' id='word_1_168' title='bbox 272 1926 371 1997; x_wconf 88' lang='lat' dir='ltr'><strong>potest</strong></span> <span class='ocrx_word' id='word_1_169' title='bbox 392 1942 445 1982; x_wconf 87' lang='lat' dir='ltr'><strong>nee</strong></span> <span class='ocrx_word' id='word_1_170' title='bbox 466 1941 583 1982; x_wconf 86' lang='lat' dir='ltr'><strong>amarus</strong></span> <span class='ocrx_word' id='word_1_171' title='bbox 598 1926 654 1995; x_wconf 88' lang='lat' dir='ltr'><strong>eat;</strong></span> <span class='ocrx_word' id='word_1_172' title='bbox 678 1923 729 1982; x_wconf 89' lang='lat' dir='ltr'><strong>sed</strong></span> <span class='ocrx_word' id='word_1_173' title='bbox 744 1923 879 1982; x_wconf 91' lang='lat' dir='ltr'><strong>infirmus</strong></span> <span class='ocrx_word' id='word_1_174' title='bbox 899 1925 945 1983; x_wconf 87' lang='lat' dir='ltr'><strong>ast</strong></span> <span class='ocrx_word' id='word_1_175' title='bbox 967 1925 998 1982; x_wconf 87' lang='lat' dir='ltr'><strong>at</strong></span> <span class='ocrx_word' id='word_1_176' title='bbox 1017 1923 1180 2003; x_wconf 82' lang='lat' dir='ltr'><strong>longaevus</strong></span> 
     </span>
     <span class='ocr_line' id='line_1_21' title="bbox 120 2012 879 2088; baseline 0.005 -20"><span class='ocrx_word' id='word_1_177' title='bbox 120 2023 150 2068; x_wconf 77' lang='lat' dir='ltr'><strong>ao</strong></span> <span class='ocrx_word' id='word_1_178' title='bbox 164 2030 222 2070; x_wconf 91' lang='lat' dir='ltr'><strong>non</strong></span> <span class='ocrx_word' id='word_1_179' title='bbox 245 2012 311 2088; x_wconf 78' lang='lat' dir='ltr'><strong>erit,</strong></span> <span class='ocrx_word' id='word_1_180' title='bbox 335 2013 416 2087; x_wconf 85' lang='lat' dir='ltr'><strong>quod</strong></span> <span class='ocrx_word' id='word_1_181' title='bbox 439 2012 555 2072; x_wconf 85' lang='lat' dir='ltr'><strong>siccitas</strong></span> <span class='ocrx_word' id='word_1_182' title='bbox 576 2013 608 2070; x_wconf 89' lang='grc'><strong>11</strong></span> <span class='ocrx_word' id='word_1_183' title='bbox 631 2031 666 2071; x_wconf 84' lang='lat' dir='ltr'><strong>so</strong></span> <span class='ocrx_word' id='word_1_184' title='bbox 688 2012 805 2072; x_wconf 85' lang='lat' dir='ltr'><strong>modica</strong></span> <span class='ocrx_word' id='word_1_185' title='bbox 827 2016 879 2072; x_wconf 85' lang='lat' dir='ltr'><strong>ast</strong></span> 
     </span>
     <span class='ocr_line' id='line_1_22' title="bbox 229 2100 1182 2178; baseline 0.004 -19"><span class='ocrx_word' id='word_1_186' title='bbox 229 2101 275 2160; x_wconf 83' lang='lat' dir='ltr'><strong>De</strong></span> <span class='ocrx_word' id='word_1_187' title='bbox 299 2103 459 2160; x_wconf 73' lang='lat' dir='ltr'><strong>macroris.</strong></span> <span class='ocrx_word' id='word_1_188' title='bbox 490 2100 522 2159; x_wconf 88' lang='lat' dir='ltr'><strong>Si</strong></span> <span class='ocrx_word' id='word_1_189' title='bbox 544 2120 615 2162; x_wconf 86' lang='lat' dir='ltr'><strong>vero</strong></span> <span class='ocrx_word' id='word_1_190' title='bbox 638 2102 750 2161; x_wconf 87' lang='lat' dir='ltr'><strong>siccum</strong></span> <span class='ocrx_word' id='word_1_191' title='bbox 772 2103 821 2161; x_wconf 83' lang='lat' dir='ltr'><strong>vel</strong></span> <span class='ocrx_word' id='word_1_192' title='bbox 842 2100 987 2178; x_wconf 87' lang='lat' dir='ltr'><strong>tepidum,</strong></span> <span class='ocrx_word' id='word_1_193' title='bbox 1011 2121 1090 2178; x_wconf 88' lang='lat' dir='ltr'><strong>quae</strong></span> <span class='ocrx_word' id='word_1_194' title='bbox 1111 2106 1182 2163; x_wconf 88' lang='lat' dir='ltr'><strong>tunc</strong></span> 
     </span>
     <span class='ocr_line' id='line_1_23' title="bbox 161 2189 1181 2269; baseline 0.005 -22"><span class='ocrx_word' id='word_1_195' title='bbox 161 2189 239 2248; x_wconf 78' lang='lat' dir='ltr'><strong>livor</strong></span> <span class='ocrx_word' id='word_1_196' title='bbox 260 2189 377 2248; x_wconf 88' lang='lat' dir='ltr'><strong>humidi</strong></span> <span class='ocrx_word' id='word_1_197' title='bbox 406 2193 436 2248; x_wconf 88' lang='lat' dir='ltr'><strong>et</strong></span> <span class='ocrx_word' id='word_1_198' title='bbox 462 2208 584 2266; x_wconf 89' lang='lat' dir='ltr'><strong>spumae</strong></span> <span class='ocrx_word' id='word_1_199' title='bbox 613 2195 695 2262; x_wconf 90' lang='lat' dir='ltr'><strong>sunt,</strong></span> <span class='ocrx_word' id='word_1_200' title='bbox 727 2191 850 2250; x_wconf 90' lang='lat' dir='ltr'><strong>modum</strong></span> <span class='ocrx_word' id='word_1_201' title='bbox 881 2209 971 2250; x_wconf 88' lang='lat' dir='ltr'><strong>suum</strong></span> <span class='ocrx_word' id='word_1_202' title='bbox 999 2192 1181 2269; x_wconf 75' lang='lat' dir='ltr'><strong>transierint</strong></span> 
     </span>
     <span class='ocr_line' id='line_1_24' title="bbox 161 2279 1181 2358; baseline 0.003 -21"><span class='ocrx_word' id='word_1_203' title='bbox 161 2282 300 2338; x_wconf 87' lang='lat' dir='ltr'><strong>eructum</strong></span> <span class='ocrx_word' id='word_1_204' title='bbox 330 2298 398 2338; x_wconf 88' lang='lat' dir='ltr'><strong>eum</strong></span> <span class='ocrx_word' id='word_1_205' title='bbox 437 2279 538 2338; x_wconf 89' lang='lat' dir='ltr'><strong>sonitu</strong></span> <span class='ocrx_word' id='word_1_206' title='bbox 574 2298 608 2338; x_wconf 89' lang='lat' dir='ltr'><strong>ac</strong></span> <span class='ocrx_word' id='word_1_207' title='bbox 646 2280 813 2358; x_wconf 81' lang='lat' dir='ltr'><strong>singultum</strong></span> <span class='ocrx_word' id='word_1_208' title='bbox 847 2280 961 2339; x_wconf 87' lang='lat' dir='ltr'><strong>faciunt</strong></span> <span class='ocrx_word' id='word_1_209' title='bbox 991 2279 1024 2338; x_wconf 92' lang='grc'><strong>11</strong></span> <span class='ocrx_word' id='word_1_210' title='bbox 1061 2280 1181 2342; x_wconf 89' lang='lat' dir='ltr'><strong>homine</strong></span> 
     </span>
     <span class='ocr_line' id='line_1_25' title="bbox 160 2367 1179 2446; baseline 0.005 -20"><span class='ocrx_word' id='word_1_211' title='bbox 160 2372 251 2444; x_wconf 87' lang='lat' dir='ltr'><strong>atque</strong></span> <span class='ocrx_word' id='word_1_212' title='bbox 272 2373 379 2444; x_wconf 88' lang='lat' dir='ltr'><strong>parant</strong></span> <span class='ocrx_word' id='word_1_213' title='bbox 400 2367 432 2426; x_wconf 94' lang='lat' dir='ltr'><strong>in</strong></span> <span class='ocrx_word' id='word_1_214' title='bbox 447 2369 500 2428; x_wconf 94' lang='lat' dir='ltr'><strong>illo</strong></span> <span class='ocrx_word' id='word_1_215' title='bbox 517 2386 654 2428; x_wconf 84' lang='lat' dir='ltr'><strong>cancrum</strong></span> <span class='ocrx_word' id='word_1_216' title='bbox 670 2373 701 2428; x_wconf 89' lang='lat' dir='ltr'><strong>et</strong></span> <span class='ocrx_word' id='word_1_217' title='bbox 716 2369 837 2445; x_wconf 69' lang='lat' dir='ltr'><strong>faciunt</strong></span> <span class='ocrx_word' id='word_1_218' title='bbox 862 2368 944 2446; x_wconf 84' lang='lat' dir='ltr'><strong>quod</strong></span> <span class='ocrx_word' id='word_1_219' title='bbox 959 2369 1047 2428; x_wconf 91' lang='lat' dir='ltr'><strong>illum</strong></span> <span class='ocrx_word' id='word_1_220' title='bbox 1062 2389 1179 2431; x_wconf 83' lang='lat' dir='ltr'><strong>vermes</strong></span> 
     </span>
     <span class='ocr_line' id='line_1_26' title="bbox 119 2458 1178 2534; baseline 0.007 -21"><span class='ocrx_word' id='word_1_221' title='bbox 119 2467 148 2513; x_wconf 75' lang='grc'><strong>15</strong></span> <span class='ocrx_word' id='word_1_222' title='bbox 161 2459 327 2534; x_wconf 76' lang='lat' dir='ltr'><strong>comedunt,</strong></span> <span class='ocrx_word' id='word_1_223' title='bbox 350 2462 440 2534; x_wconf 89' lang='lat' dir='ltr'><strong>atque</strong></span> <span class='ocrx_word' id='word_1_224' title='bbox 462 2458 577 2517; x_wconf 85' lang='lat' dir='ltr'><strong>faciunt</strong></span> <span class='ocrx_word' id='word_1_225' title='bbox 599 2477 701 2518; x_wconf 87' lang='lat' dir='ltr'><strong>carnes</strong></span> <span class='ocrx_word' id='word_1_226' title='bbox 725 2458 856 2534; x_wconf 85' lang='lat' dir='ltr'><strong>corporis</strong></span> <span class='ocrx_word' id='word_1_227' title='bbox 878 2458 961 2517; x_wconf 92' lang='lat' dir='ltr'><strong>illius</strong></span> <span class='ocrx_word' id='word_1_228' title='bbox 983 2458 1015 2517; x_wconf 92' lang='lat' dir='ltr'><strong>in</strong></span> <span class='ocrx_word' id='word_1_229' title='bbox 1037 2458 1178 2520; x_wconf 87' lang='lat' dir='ltr'><strong>informia</strong></span> 
     </span>
     <span class='ocr_line' id='line_1_27' title="bbox 160 2547 1177 2624; baseline 0.005 -19"><span class='ocrx_word' id='word_1_230' title='bbox 160 2547 309 2606; x_wconf 81' lang='lat' dir='ltr'><strong>ulceribus</strong></span> <span class='ocrx_word' id='word_1_231' title='bbox 331 2550 545 2624; x_wconf 67' lang='lat' dir='ltr'><strong>exturgescera</strong></span> <span class='ocrx_word' id='word_1_232' title='bbox 568 2548 612 2606; x_wconf 90' lang='lat' dir='ltr'><strong>ita</strong></span> <span class='ocrx_word' id='word_1_233' title='bbox 635 2548 715 2623; x_wconf 84' lang='lat' dir='ltr'><strong>quod</strong></span> <span class='ocrx_word' id='word_1_234' title='bbox 739 2547 829 2607; x_wconf 87' lang='lat' dir='ltr'><strong>etiam</strong></span> <span class='ocrx_word' id='word_1_235' title='bbox 850 2547 907 2606; x_wconf 87' lang='lat' dir='ltr'><strong>hoc</strong></span> <span class='ocrx_word' id='word_1_236' title='bbox 928 2547 1065 2607; x_wconf 84' lang='lat' dir='ltr'><strong>modain</strong></span> <span class='ocrx_word' id='word_1_237' title='bbox 1081 2548 1177 2610; x_wconf 81' lang='lat' dir='ltr'><strong>intur·</strong></span> 
     </span>
     <span class='ocr_line' id='line_1_28' title="bbox 160 2635 1179 2713; baseline 0.005 -19"><span class='ocrx_word' id='word_1_238' title='bbox 160 2641 248 2712; x_wconf 88' lang='lat' dir='ltr'><strong>gente</strong></span> <span class='ocrx_word' id='word_1_239' title='bbox 278 2639 397 2695; x_wconf 89' lang='lat' dir='ltr'><strong>tumore</strong></span> <span class='ocrx_word' id='word_1_240' title='bbox 429 2635 585 2696; x_wconf 87' lang='lat' dir='ltr'><strong>brachium</strong></span> <span class='ocrx_word' id='word_1_241' title='bbox 617 2636 681 2695; x_wconf 88' lang='lat' dir='ltr'><strong>eius</strong></span> <span class='ocrx_word' id='word_1_242' title='bbox 711 2637 760 2695; x_wconf 84' lang='lat' dir='ltr'><strong>vel</strong></span> <span class='ocrx_word' id='word_1_243' title='bbox 789 2655 842 2712; x_wconf 90' lang='lat' dir='ltr'><strong>pes</strong></span> <span class='ocrx_word' id='word_1_244' title='bbox 871 2637 967 2713; x_wconf 88' lang='lat' dir='ltr'><strong>ipsius</strong></span> <span class='ocrx_word' id='word_1_245' title='bbox 993 2637 1092 2696; x_wconf 90' lang='lat' dir='ltr'><strong>maior</strong></span> <span class='ocrx_word' id='word_1_246' title='bbox 1122 2639 1179 2699; x_wconf 88' lang='lat' dir='ltr'><strong>erit</strong></span> 
     </span>
     <span class='ocr_line' id='line_1_29' title="bbox 161 2724 1178 2799; baseline 0.007 -17"><span class='ocrx_word' id='word_1_247' title='bbox 161 2745 252 2799; x_wconf 91' lang='lat' dir='ltr'><strong>quam</strong></span> <span class='ocrx_word' id='word_1_248' title='bbox 275 2727 359 2788; x_wconf 87' lang='lat' dir='ltr'><strong>alter.</strong></span> <span class='ocrx_word' id='word_1_249' title='bbox 403 2724 443 2784; x_wconf 78' lang='lat' dir='ltr'><strong>Et</strong></span> <span class='ocrx_word' id='word_1_250' title='bbox 475 2726 531 2786; x_wconf 84' lang='lat' dir='ltr'><strong>hoc</strong></span> <span class='ocrx_word' id='word_1_251' title='bbox 558 2728 620 2784; x_wconf 87' lang='lat' dir='ltr'><strong>tam</strong></span> <span class='ocrx_word' id='word_1_252' title='bbox 653 2725 706 2785; x_wconf 84' lang='lat' dir='ltr'><strong>diu</strong></span> <span class='ocrx_word' id='word_1_253' title='bbox 736 2725 863 2798; x_wconf 84' lang='lat' dir='ltr'><strong>faciunt,</strong></span> <span class='ocrx_word' id='word_1_254' title='bbox 897 2725 968 2784; x_wconf 86' lang='lat' dir='ltr'><strong>dum</strong></span> <span class='ocrx_word' id='word_1_255' title='bbox 998 2728 1178 2789; x_wconf 80' lang='lat' dir='ltr'><strong>cessaverint</strong></span> 
     </span>
     <span class='ocr_line' id='line_1_30' title="bbox 160 2812 897 2891; baseline 0.011 -20"><span class='ocrx_word' id='word_1_256' title='bbox 160 2812 196 2871; x_wconf 96' lang='lat' dir='ltr'><strong>ab</strong></span> <span class='ocrx_word' id='word_1_257' title='bbox 219 2814 274 2872; x_wconf 90' lang='lat' dir='ltr'><strong>hae</strong></span> <span class='ocrx_word' id='word_1_258' title='bbox 296 2817 386 2889; x_wconf 92' lang='lat' dir='ltr'><strong>peste,</strong></span> <span class='ocrx_word' id='word_1_259' title='bbox 409 2815 487 2874; x_wconf 83' lang='lat' dir='ltr'><strong>unde</strong></span> <span class='ocrx_word' id='word_1_260' title='bbox 510 2815 563 2874; x_wconf 83' lang='lat' dir='ltr'><strong>diu</strong></span> <span class='ocrx_word' id='word_1_261' title='bbox 585 2833 643 2874; x_wconf 88' lang='lat' dir='ltr'><strong>nou</strong></span> <span class='ocrx_word' id='word_1_262' title='bbox 666 2817 765 2891; x_wconf 88' lang='lat' dir='ltr'><strong>potest</strong></span> <span class='ocrx_word' id='word_1_263' title='bbox 787 2814 897 2879; x_wconf 80' lang='lat' dir='ltr'><strong>vivere.</strong></span> 
     </span>
     <span class='ocr_line' id='line_1_31' title="bbox 119 2901 1176 2982; baseline 0.009 -25"><span class='ocrx_word' id='word_1_264' title='bbox 119 2912 148 2957; x_wconf 81' lang='lat' dir='ltr'><strong>so</strong></span> <span class='ocrx_word' id='word_1_265' title='bbox 229 2902 274 2961; x_wconf 87' lang='lat' dir='ltr'><strong>De</strong></span> <span class='ocrx_word' id='word_1_266' title='bbox 300 2903 443 2976; x_wconf 71' lang='lat' dir='ltr'><strong>podapra.</strong></span> <span class='ocrx_word' id='word_1_267' title='bbox 489 2903 576 2974; x_wconf 80' lang='lat' dir='ltr'><strong>Quod</strong></span> <span class='ocrx_word' id='word_1_268' title='bbox 599 2904 624 2963; x_wconf 91' lang='lat' dir='ltr'><strong>si</strong></span> <span class='ocrx_word' id='word_1_269' title='bbox 646 2921 752 2979; x_wconf 86' lang='lat' dir='ltr'><strong>spuma</strong></span> <span class='ocrx_word' id='word_1_270' title='bbox 774 2903 993 2982; x_wconf 83' lang='lat' dir='ltr'><strong>transgreditur</strong></span> <span class='ocrx_word' id='word_1_271' title='bbox 1015 2901 1176 2966; x_wconf 81' lang='lat' dir='ltr'><strong>humidum</strong></span> 
     </span>
     <span class='ocr_line' id='line_1_32' title="bbox 160 2990 1177 3068; baseline 0.004 -19"><span class='ocrx_word' id='word_1_272' title='bbox 160 2992 191 3049; x_wconf 89' lang='lat' dir='ltr'><strong>et</strong></span> <span class='ocrx_word' id='word_1_273' title='bbox 212 2990 371 3049; x_wconf 88' lang='lat' dir='ltr'><strong>humidum</strong></span> <span class='ocrx_word' id='word_1_274' title='bbox 391 2992 502 3050; x_wconf 83' lang='lat' dir='ltr'><strong>siecum</strong></span> <span class='ocrx_word' id='word_1_275' title='bbox 517 2995 548 3052; x_wconf 89' lang='lat' dir='ltr'><strong>et</strong></span> <span class='ocrx_word' id='word_1_276' title='bbox 562 2993 706 3068; x_wconf 84' lang='lat' dir='ltr'><strong>tepidum,</strong></span> <span class='ocrx_word' id='word_1_277' title='bbox 729 2993 817 3052; x_wconf 87' lang='lat' dir='ltr'><strong>homo</strong></span> <span class='ocrx_word' id='word_1_278' title='bbox 833 2994 884 3052; x_wconf 89' lang='lat' dir='ltr'><strong>ille</strong></span> <span class='ocrx_word' id='word_1_279' title='bbox 901 2994 1007 3053; x_wconf 91' lang='lat' dir='ltr'><strong>bonam</strong></span> <span class='ocrx_word' id='word_1_280' title='bbox 1022 2994 1177 3054; x_wconf 86' lang='lat' dir='ltr'><strong>scientiam</strong></span> 
     </span>
     <span class='ocr_line' id='line_1_33' title="bbox 159 3079 1177 3157; baseline 0.006 -20"><span class='ocrx_word' id='word_1_281' title='bbox 159 3079 257 3151; x_wconf 88' lang='lat' dir='ltr'><strong>habet,</strong></span> <span class='ocrx_word' id='word_1_282' title='bbox 280 3080 331 3138; x_wconf 86' lang='lat' dir='ltr'><strong>ssd</strong></span> <span class='ocrx_word' id='word_1_283' title='bbox 354 3099 493 3157; x_wconf 83' lang='lat' dir='ltr'><strong>praeceps</strong></span> <span class='ocrx_word' id='word_1_284' title='bbox 516 3084 546 3141; x_wconf 88' lang='lat' dir='ltr'><strong>et</strong></span> <span class='ocrx_word' id='word_1_285' title='bbox 567 3082 656 3141; x_wconf 90' lang='lat' dir='ltr'><strong>nimis</strong></span> <span class='ocrx_word' id='word_1_286' title='bbox 677 3081 832 3142; x_wconf 80' lang='lat' dir='ltr'><strong>vehemens</strong></span> <span class='ocrx_word' id='word_1_287' title='bbox 855 3084 886 3142; x_wconf 90' lang='lat' dir='ltr'><strong>in</strong></span> <span class='ocrx_word' id='word_1_288' title='bbox 909 3082 1031 3142; x_wconf 85' lang='lat' dir='ltr'><strong>scientia</strong></span> <span class='ocrx_word' id='word_1_289' title='bbox 1053 3087 1112 3157; x_wconf 85' lang='lat' dir='ltr'><strong>eat,</strong></span> <span class='ocrx_word' id='word_1_290' title='bbox 1135 3085 1177 3143; x_wconf 86' lang='lat' dir='ltr'><strong>ita</strong></span> 
     </span>
     <span class='ocr_line' id='line_1_34' title="bbox 159 3170 1176 3250; baseline 0.006 -23"><span class='ocrx_word' id='word_1_291' title='bbox 159 3170 242 3246; x_wconf 88' lang='lat' dir='ltr'><strong>quod</strong></span> <span class='ocrx_word' id='word_1_292' title='bbox 264 3170 418 3229; x_wconf 85' lang='lat' dir='ltr'><strong>scientiam</strong></span> <span class='ocrx_word' id='word_1_293' title='bbox 440 3189 526 3228; x_wconf 87' lang='lat' dir='ltr'><strong>suam</strong></span> <span class='ocrx_word' id='word_1_294' title='bbox 547 3170 580 3228; x_wconf 91' lang='lat' dir='ltr'><strong>in</strong></span> <span class='ocrx_word' id='word_1_295' title='bbox 602 3171 718 3231; x_wconf 84' lang='lat' dir='ltr'><strong>diversa</strong></span> <span class='ocrx_word' id='word_1_296' title='bbox 740 3173 856 3249; x_wconf 81' lang='lat' dir='ltr'><strong>spargit</strong></span> <span class='ocrx_word' id='word_1_297' title='bbox 877 3176 914 3231; x_wconf 91' lang='lat' dir='ltr'><strong>ut</strong></span> <span class='ocrx_word' id='word_1_298' title='bbox 939 3171 1071 3248; x_wconf 89' lang='lat' dir='ltr'><strong>paleam,</strong></span> <span class='ocrx_word' id='word_1_299' title='bbox 1101 3192 1176 3250; x_wconf 89' lang='lat' dir='ltr'><strong>quae</strong></span> 
     </span>
     <span class='ocr_line' id='line_1_35' title="bbox 159 3259 1174 3359; baseline 0.007 -43"><span class='ocrx_word' id='word_1_300' title='bbox 159 3279 177 3316; x_wconf 88' lang='lat' dir='ltr'><strong>a</strong></span> <span class='ocrx_word' id='word_1_301' title='bbox 198 3262 287 3319; x_wconf 85' lang='lat' dir='ltr'><strong>vento</strong></span> <span class='ocrx_word' id='word_1_302' title='bbox 309 3259 471 3359; x_wconf 73' lang='lat' dir='ltr'><strong>apaggitur,</strong></span> <span class='ocrx_word' id='word_1_303' title='bbox 494 3263 525 3318; x_wconf 88' lang='lat' dir='ltr'><strong>et</strong></span> <span class='ocrx_word' id='word_1_304' title='bbox 547 3259 713 3319; x_wconf 83' lang='lat' dir='ltr'><strong>dominium</strong></span> <span class='ocrx_word' id='word_1_305' title='bbox 728 3262 843 3337; x_wconf 86' lang='lat' dir='ltr'><strong>appetit</strong></span> <span class='ocrx_word' id='word_1_306' title='bbox 857 3280 948 3337; x_wconf 88' lang='lat' dir='ltr'><strong>super</strong></span> <span class='ocrx_word' id='word_1_307' title='bbox 964 3260 1039 3320; x_wconf 90' lang='lat' dir='ltr'><strong>alios</strong></span> <span class='ocrx_word' id='word_1_308' title='bbox 1059 3260 1174 3323; x_wconf 88' lang='lat' dir='ltr'><strong>habere.</strong></span> 
     </span>
     <span class='ocr_line' id='line_1_36' title="bbox 118 3347 1174 3427; baseline 0.007 -21"><span class='ocrx_word' id='word_1_309' title='bbox 118 3359 146 3405; x_wconf 75' lang='lat'><strong>35</strong></span> <span class='ocrx_word' id='word_1_310' title='bbox 160 3349 198 3407; x_wconf 76' lang='lat' dir='ltr'><strong>lit</strong></span> <span class='ocrx_word' id='word_1_311' title='bbox 220 3367 309 3407; x_wconf 86' lang='lat' dir='ltr'><strong>sanus</strong></span> <span class='ocrx_word' id='word_1_312' title='bbox 331 3347 362 3406; x_wconf 89' lang='lat' dir='ltr'><strong>in</strong></span> <span class='ocrx_word' id='word_1_313' title='bbox 386 3367 508 3424; x_wconf 88' lang='lat' dir='ltr'><strong>corpora</strong></span> <span class='ocrx_word' id='word_1_314' title='bbox 535 3350 592 3424; x_wconf 83' lang='lat' dir='ltr'><strong>est,</strong></span> <span class='ocrx_word' id='word_1_315' title='bbox 623 3353 740 3425; x_wconf 89' lang='lat' dir='ltr'><strong>praeter</strong></span> <span class='ocrx_word' id='word_1_316' title='bbox 768 3350 849 3427; x_wconf 90' lang='lat' dir='ltr'><strong>quod</strong></span> <span class='ocrx_word' id='word_1_317' title='bbox 872 3351 960 3410; x_wconf 88' lang='lat' dir='ltr'><strong>facile</strong></span> <span class='ocrx_word' id='word_1_318' title='bbox 982 3350 1014 3408; x_wconf 89' lang='grc'><strong>11</strong></span> <span class='ocrx_word' id='word_1_319' title='bbox 1036 3352 1174 3413; x_wconf 84' lang='lat' dir='ltr'><strong>cruribus</strong></span> 
     </span>
     <span class='ocr_line' id='line_1_37' title="bbox 158 3437 1173 3515; baseline 0.007 -19"><span class='ocrx_word' id='word_1_320' title='bbox 158 3437 327 3496; x_wconf 85' lang='lat' dir='ltr'><strong>infirmatur</strong></span> <span class='ocrx_word' id='word_1_321' title='bbox 342 3440 372 3496; x_wconf 86' lang='lat' dir='ltr'><strong>et</strong></span> <span class='ocrx_word' id='word_1_322' title='bbox 388 3437 470 3514; x_wconf 84' lang='lat' dir='ltr'><strong>quod</strong></span> <span class='ocrx_word' id='word_1_323' title='bbox 484 3438 649 3515; x_wconf 81' lang='lat' dir='ltr'><strong>podagram</strong></span> <span class='ocrx_word' id='word_1_324' title='bbox 663 3438 750 3499; x_wconf 85' lang='lat' dir='ltr'><strong>facile</strong></span> <span class='ocrx_word' id='word_1_325' title='bbox 766 3440 906 3513; x_wconf 84' lang='lat' dir='ltr'><strong>attrahit;</strong></span> <span class='ocrx_word' id='word_1_326' title='bbox 929 3438 981 3499; x_wconf 85' lang='lat' dir='ltr'><strong>sed</strong></span> <span class='ocrx_word' id='word_1_327' title='bbox 1004 3438 1060 3499; x_wconf 86' lang='lat' dir='ltr'><strong>(liu</strong></span> <span class='ocrx_word' id='word_1_328' title='bbox 1073 3442 1173 3503; x_wconf 77' lang='lat' dir='ltr'><strong>vivere</strong></span> 
     </span>
     <span class='ocr_line' id='line_1_38' title="bbox 154 3526 635 3609; baseline 0.002 -23"><span class='ocrx_word' id='word_1_329' title='bbox 154 3530 266 3601; x_wconf 80' lang='lat' dir='ltr'><strong>potest,</strong></span> <span class='ocrx_word' id='word_1_330' title='bbox 287 3528 312 3587; x_wconf 90' lang='lat' dir='ltr'><strong>si</strong></span> <span class='ocrx_word' id='word_1_331' title='bbox 336 3526 391 3587; x_wconf 87' lang='lat' dir='ltr'><strong>(leo</strong></span> <span class='ocrx_word' id='word_1_332' title='bbox 414 3527 458 3586; x_wconf 89' lang='lat' dir='ltr'><strong>ita</strong></span> <span class='ocrx_word' id='word_1_333' title='bbox 480 3527 635 3609; x_wconf 88' lang='lat' dir='ltr'><strong>placuerit.</strong></span> 
     </span>
    </p>
   </div>
   <div class='ocr_carea' id='block_1_3' title="bbox 0 0 1234 3862">
    <p class='ocr_par' dir='ltr' id='par_1_3' title="bbox 0 0 1234 3862">
     <span class='ocr_line' id='line_1_39' title="bbox 0 0 1234 3862; baseline 0 2"><span class='ocrx_word' id='word_1_334' title='bbox 0 0 1234 3862; x_wconf 95' lang='lat' dir='ltr'><strong> </strong></span> 
     </span>
    </p>
   </div>
  </div>
 </body>
</html>
