<?xml version="1.0" encoding="UTF-8"?>
<!DOCTYPE html PUBLIC "-//W3C//DTD XHTML 1.0 Transitional//EN"
    "http://www.w3.org/TR/xhtml1/DTD/xhtml1-transitional.dtd">
<html xmlns="http://www.w3.org/1999/xhtml" xml:lang="en" lang="en">
 <head>
  <title>
</title>
<meta http-equiv="Content-Type" content="text/html;charset=utf-8" />
  <meta name='ocr-system' content='tesseract 3.04.00' />
  <meta name='ocr-capabilities' content='ocr_page ocr_carea ocr_par ocr_line ocrx_word'/>
</head>
<body>
  <div class='ocr_page' id='page_1' title='image "./hildegardiscaus01hildgoog_0074.png"; bbox 0 0 2460 3862; ppageno 0'>
   <div class='ocr_carea' id='block_1_1' title="bbox 345 109 1096 208">
    <p class='ocr_par' dir='ltr' id='par_1_1' title="bbox 345 109 1096 208">
     <span class='ocr_line' id='line_1_1' title="bbox 345 109 1096 208; baseline 0 -10"><span class='ocrx_word' id='word_1_1' title='bbox 345 142 488 200; x_wconf 79' lang='lat' dir='ltr'><strong>caussa</strong></span> <span class='ocrx_word' id='word_1_2' title='bbox 505 143 552 198; x_wconf 85' lang='lat' dir='ltr'><strong>nr</strong></span> <span class='ocrx_word' id='word_1_3' title='bbox 571 109 693 199; x_wconf 80' lang='lat' dir='ltr'><strong>cuasa</strong></span> <span class='ocrx_word' id='word_1_4' title='bbox 711 143 779 198; x_wconf 81' lang='lat' dir='ltr'><strong>nra.</strong></span> <span class='ocrx_word' id='word_1_5' title='bbox 798 142 833 199; x_wconf 89' lang='lat'><strong>11.</strong></span> <span class='ocrx_word' id='word_1_6' title='bbox 1055 149 1096 208; x_wconf 73' lang='lat'><strong>63</strong></span> 
     </span>
    </p>
   </div>
   <div class='ocr_carea' id='block_1_2' title="bbox 76 328 1139 3620">
    <p class='ocr_par' dir='ltr' id='par_1_2' title="bbox 76 328 1139 3620">
     <span class='ocr_line' id='line_1_2' title="bbox 81 328 1099 405; baseline -0.001 -16"><span class='ocrx_word' id='word_1_7' title='bbox 81 330 186 389; x_wconf 85' lang='lat' dir='ltr'><strong>ventre</strong></span> <span class='ocrx_word' id='word_1_8' title='bbox 219 346 340 405; x_wconf 90' lang='lat' dir='ltr'><strong>quoque</strong></span> <span class='ocrx_word' id='word_1_9' title='bbox 367 329 466 389; x_wconf 89' lang='lat' dir='ltr'><strong>omnia</strong></span> <span class='ocrx_word' id='word_1_10' title='bbox 497 329 610 388; x_wconf 77' lang='lat' dir='ltr'><strong>uiscera</strong></span> <span class='ocrx_word' id='word_1_11' title='bbox 637 328 701 388; x_wconf 87' lang='lat' dir='ltr'><strong>eius</strong></span> <span class='ocrx_word' id='word_1_12' title='bbox 728 329 814 388; x_wconf 85' lang='lat' dir='ltr'><strong>velut</strong></span> <span class='ocrx_word' id='word_1_13' title='bbox 842 331 905 388; x_wconf 89' lang='lat' dir='ltr'><strong>rste</strong></span> <span class='ocrx_word' id='word_1_14' title='bbox 927 331 1099 389; x_wconf 84' lang='lat' dir='ltr'><strong>connectens</strong></span> 
     </span>
     <span class='ocr_line' id='line_1_3' title="bbox 79 417 1097 495; baseline -0.001 -17"><span class='ocrx_word' id='word_1_15' title='bbox 79 436 176 494; x_wconf 89' lang='lat' dir='ltr'><strong>eaque</strong></span> <span class='ocrx_word' id='word_1_16' title='bbox 199 417 231 475; x_wconf 89' lang='lat' dir='ltr'><strong>in</strong></span> <span class='ocrx_word' id='word_1_17' title='bbox 254 436 338 478; x_wconf 85' lang='lat' dir='ltr'><strong>cavas</strong></span> <span class='ocrx_word' id='word_1_18' title='bbox 366 437 505 478; x_wconf 74' lang='lat' dir='ltr'><strong>cavernas</strong></span> <span class='ocrx_word' id='word_1_19' title='bbox 533 417 721 494; x_wconf 85' lang='lat' dir='ltr'><strong>confirmans,</strong></span> <span class='ocrx_word' id='word_1_20' title='bbox 754 419 785 476; x_wconf 91' lang='lat' dir='ltr'><strong>in</strong></span> <span class='ocrx_word' id='word_1_21' title='bbox 813 417 923 495; x_wconf 89' lang='lat' dir='ltr'><strong>quibus</strong></span> <span class='ocrx_word' id='word_1_22' title='bbox 952 418 1010 478; x_wconf 89' lang='lat' dir='ltr'><strong>cibi</strong></span> <span class='ocrx_word' id='word_1_23' title='bbox 1038 438 1097 479; x_wconf 88' lang='lat' dir='ltr'><strong>ser·</strong></span> 
     </span>
     <span class='ocr_line' id='line_1_4' title="bbox 79 507 1099 585; baseline -0.001 -16"><span class='ocrx_word' id='word_1_24' title='bbox 79 511 205 582; x_wconf 86' lang='lat' dir='ltr'><strong>vantur,</strong></span> <span class='ocrx_word' id='word_1_25' title='bbox 241 525 294 584; x_wconf 84' lang='lat' dir='ltr'><strong>per</strong></span> <span class='ocrx_word' id='word_1_26' title='bbox 321 526 395 584; x_wconf 89' lang='lat' dir='ltr'><strong>quos</strong></span> <span class='ocrx_word' id='word_1_27' title='bbox 423 507 573 584; x_wconf 80' lang='lat' dir='ltr'><strong>praedicta</strong></span> <span class='ocrx_word' id='word_1_28' title='bbox 601 507 698 585; x_wconf 82' lang='lat' dir='ltr'><strong>figura</strong></span> <span class='ocrx_word' id='word_1_29' title='bbox 724 507 870 583; x_wconf 86' lang='lat' dir='ltr'><strong>pascitnr;</strong></span> <span class='ocrx_word' id='word_1_30' title='bbox 902 526 976 583; x_wconf 89' lang='lat' dir='ltr'><strong>quos</strong></span> <span class='ocrx_word' id='word_1_31' title='bbox 999 507 1099 568; x_wconf 73' lang='lat' dir='ltr'><strong>dentoe</strong></span> 
     </span>
     <span class='ocr_line' id='line_1_5' title="bbox 79 596 1099 674; baseline 0 -18"><span class='ocrx_word' id='word_1_32' title='bbox 79 597 209 668; x_wconf 85' lang='lat' dir='ltr'><strong>molunt,</strong></span> <span class='ocrx_word' id='word_1_33' title='bbox 233 596 286 673; x_wconf 92' lang='lat' dir='ltr'><strong>qui</strong></span> <span class='ocrx_word' id='word_1_34' title='bbox 302 597 364 656; x_wconf 86' lang='lat' dir='ltr'><strong>siue</strong></span> <span class='ocrx_word' id='word_1_35' title='bbox 379 597 510 656; x_wconf 78' lang='lat' dir='ltr'><strong>medulla</strong></span> <span class='ocrx_word' id='word_1_36' title='bbox 532 597 616 656; x_wconf 89' lang='lat' dir='ltr'><strong>velut</strong></span> <span class='ocrx_word' id='word_1_37' title='bbox 634 596 720 656; x_wconf 84' lang='lat' dir='ltr'><strong>radix</strong></span> <span class='ocrx_word' id='word_1_38' title='bbox 742 615 797 672; x_wconf 89' lang='lat' dir='ltr'><strong>per</strong></span> <span class='ocrx_word' id='word_1_39' title='bbox 818 596 974 655; x_wconf 90' lang='lat' dir='ltr'><strong>humidum</strong></span> <span class='ocrx_word' id='word_1_40' title='bbox 998 597 1099 674; x_wconf 82' lang='lat' dir='ltr'><strong>ignem</strong></span> 
     </span>
     <span class='ocr_line' id='line_1_6' title="bbox 81 684 1126 763; baseline -0.003 -17"><span class='ocrx_word' id='word_1_41' title='bbox 81 686 198 746; x_wconf 82' lang='lat' dir='ltr'><strong>animae</strong></span> <span class='ocrx_word' id='word_1_42' title='bbox 221 685 283 744; x_wconf 90' lang='lat' dir='ltr'><strong>sinc</strong></span> <span class='ocrx_word' id='word_1_43' title='bbox 305 705 383 763; x_wconf 87' lang='lat' dir='ltr'><strong>aqua</strong></span> <span class='ocrx_word' id='word_1_44' title='bbox 406 686 511 746; x_wconf 88' lang='lat' dir='ltr'><strong>consiti</strong></span> <span class='ocrx_word' id='word_1_45' title='bbox 534 689 618 762; x_wconf 84' lang='lat' dir='ltr'><strong>sunt,</strong></span> <span class='ocrx_word' id='word_1_46' title='bbox 648 685 691 744; x_wconf 87' lang='lat' dir='ltr'><strong>ita</strong></span> <span class='ocrx_word' id='word_1_47' title='bbox 714 685 795 762; x_wconf 90' lang='lat' dir='ltr'><strong>quod</strong></span> <span class='ocrx_word' id='word_1_48' title='bbox 817 684 896 743; x_wconf 87' lang='lat' dir='ltr'><strong>idem</strong></span> <span class='ocrx_word' id='word_1_49' title='bbox 920 687 978 745; x_wconf 82' lang='lat' dir='ltr'><strong>albi</strong></span> <span class='ocrx_word' id='word_1_50' title='bbox 1000 687 1126 746; x_wconf 75' lang='lat' dir='ltr'><strong>ventrio</strong></span> 
     </span>
     <span class='ocr_line' id='line_1_7' title="bbox 79 775 1098 852; baseline 0.004 -18"><span class='ocrx_word' id='word_1_51' title='bbox 79 775 297 847; x_wconf 87' lang='lat' dir='ltr'><strong>immittuntur,</strong></span> <span class='ocrx_word' id='word_1_52' title='bbox 320 775 351 834; x_wconf 91' lang='lat' dir='ltr'><strong>in</strong></span> <span class='ocrx_word' id='word_1_53' title='bbox 375 795 435 852; x_wconf 88' lang='lat' dir='ltr'><strong>quo</strong></span> <span class='ocrx_word' id='word_1_54' title='bbox 459 794 555 852; x_wconf 89' lang='lat' dir='ltr'><strong>usqne</strong></span> <span class='ocrx_word' id='word_1_55' title='bbox 570 775 608 834; x_wconf 92' lang='lat' dir='ltr'><strong>ad</strong></span> <span class='ocrx_word' id='word_1_56' title='bbox 622 777 822 851; x_wconf 82' lang='lat' dir='ltr'><strong>temperatum</strong></span> <span class='ocrx_word' id='word_1_57' title='bbox 836 777 955 850; x_wconf 87' lang='lat' dir='ltr'><strong>tempus</strong></span> <span class='ocrx_word' id='word_1_58' title='bbox 970 780 1098 840; x_wconf 87' lang='lat' dir='ltr'><strong>manent.</strong></span> 
     </span>
     <span class='ocr_line' id='line_1_8' title="bbox 78 863 1099 940; baseline 0 -16"><span class='ocrx_word' id='word_1_59' title='bbox 78 864 192 924; x_wconf 85' lang='lat' dir='ltr'><strong>Anima</strong></span> <span class='ocrx_word' id='word_1_60' title='bbox 215 882 334 940; x_wconf 89' lang='lat' dir='ltr'><strong>quoque</strong></span> <span class='ocrx_word' id='word_1_61' title='bbox 356 882 477 924; x_wconf 89' lang='lat' dir='ltr'><strong>succum</strong></span> <span class='ocrx_word' id='word_1_62' title='bbox 500 864 558 924; x_wconf 90' lang='lat' dir='ltr'><strong>cibi</strong></span> <span class='ocrx_word' id='word_1_63' title='bbox 580 865 612 922; x_wconf 91' lang='lat' dir='ltr'><strong>in</strong></span> <span class='ocrx_word' id='word_1_64' title='bbox 634 863 802 940; x_wconf 82' lang='lat' dir='ltr'><strong>cerebrum,</strong></span> <span class='ocrx_word' id='word_1_65' title='bbox 828 863 859 922; x_wconf 89' lang='lat' dir='ltr'><strong>in</strong></span> <span class='ocrx_word' id='word_1_66' title='bbox 882 882 945 940; x_wconf 85' lang='lat' dir='ltr'><strong>cor,</strong></span> <span class='ocrx_word' id='word_1_67' title='bbox 973 864 1004 922; x_wconf 90' lang='lat' dir='ltr'><strong>in</strong></span> <span class='ocrx_word' id='word_1_68' title='bbox 1027 865 1099 924; x_wconf 88' lang='lat' dir='ltr'><strong>folia</strong></span> 
     </span>
     <span class='ocr_line' id='line_1_9' title="bbox 79 952 1099 1030; baseline 0 -18"><span class='ocrx_word' id='word_1_69' title='bbox 79 953 243 1030; x_wconf 87' lang='lat' dir='ltr'><strong>pulmonis,</strong></span> <span class='ocrx_word' id='word_1_70' title='bbox 266 952 298 1011; x_wconf 91' lang='lat' dir='ltr'><strong>in</strong></span> <span class='ocrx_word' id='word_1_71' title='bbox 320 954 402 1013; x_wconf 88' lang='lat' dir='ltr'><strong>iecur</strong></span> <span class='ocrx_word' id='word_1_72' title='bbox 424 957 455 1013; x_wconf 88' lang='lat' dir='ltr'><strong>et</strong></span> <span class='ocrx_word' id='word_1_73' title='bbox 469 954 501 1013; x_wconf 90' lang='lat' dir='ltr'><strong>in</strong></span> <span class='ocrx_word' id='word_1_74' title='bbox 517 972 617 1013; x_wconf 92' lang='lat' dir='ltr'><strong>omnes</strong></span> <span class='ocrx_word' id='word_1_75' title='bbox 631 972 721 1014; x_wconf 84' lang='lat' dir='ltr'><strong>venas</strong></span> <span class='ocrx_word' id='word_1_76' title='bbox 739 952 847 1012; x_wconf 88' lang='lat' dir='ltr'><strong>dividit</strong></span> <span class='ocrx_word' id='word_1_77' title='bbox 866 972 900 1013; x_wconf 91' lang='lat' dir='ltr'><strong>ac</strong></span> <span class='ocrx_word' id='word_1_78' title='bbox 920 953 1099 1013; x_wconf 87' lang='lat' dir='ltr'><strong>fortitudine</strong></span> 
     </span>
     <span class='ocr_line' id='line_1_10' title="bbox 78 1042 1096 1119; baseline 0 -17"><span class='ocrx_word' id='word_1_79' title='bbox 78 1042 185 1102; x_wconf 88' lang='lat' dir='ltr'><strong>caloris</strong></span> <span class='ocrx_word' id='word_1_80' title='bbox 205 1042 392 1102; x_wconf 87' lang='lat' dir='ltr'><strong>stomachum</strong></span> <span class='ocrx_word' id='word_1_81' title='bbox 407 1046 438 1103; x_wconf 90' lang='lat' dir='ltr'><strong>et</strong></span> <span class='ocrx_word' id='word_1_82' title='bbox 452 1043 566 1104; x_wconf 81' lang='lat' dir='ltr'><strong>viscera</strong></span> <span class='ocrx_word' id='word_1_83' title='bbox 580 1043 641 1119; x_wconf 87' lang='lat' dir='ltr'><strong>illa,</strong></span> <span class='ocrx_word' id='word_1_84' title='bbox 667 1062 742 1119; x_wconf 88' lang='lat' dir='ltr'><strong>quae</strong></span> <span class='ocrx_word' id='word_1_85' title='bbox 758 1043 858 1103; x_wconf 87' lang='lat' dir='ltr'><strong>cibum</strong></span> <span class='ocrx_word' id='word_1_86' title='bbox 873 1045 1004 1119; x_wconf 88' lang='lat' dir='ltr'><strong>portant,</strong></span> <span class='ocrx_word' id='word_1_87' title='bbox 1028 1061 1096 1102; x_wconf 91' lang='lat' dir='ltr'><strong>con·</strong></span> 
     </span>
     <span class='ocr_line' id='line_1_11' title="bbox 77 1131 1138 1209; baseline -0.003 -18"><span class='ocrx_word' id='word_1_88' title='bbox 77 1133 185 1207; x_wconf 82' lang='lat' dir='ltr'><strong>fortnt,</strong></span> <span class='ocrx_word' id='word_1_89' title='bbox 214 1150 251 1190; x_wconf 86' lang='lat' dir='ltr'><strong>ne</strong></span> <span class='ocrx_word' id='word_1_90' title='bbox 274 1131 426 1204; x_wconf 79' lang='lat' dir='ltr'><strong>diffluant,</strong></span> <span class='ocrx_word' id='word_1_91' title='bbox 456 1131 508 1192; x_wconf 90' lang='lat' dir='ltr'><strong>ssd</strong></span> <span class='ocrx_word' id='word_1_92' title='bbox 531 1131 612 1209; x_wconf 90' lang='lat' dir='ltr'><strong>quod</strong></span> <span class='ocrx_word' id='word_1_93' title='bbox 633 1132 664 1190; x_wconf 91' lang='lat' dir='ltr'><strong>in</strong></span> <span class='ocrx_word' id='word_1_94' title='bbox 688 1133 753 1192; x_wconf 91' lang='lat' dir='ltr'><strong>loco</strong></span> <span class='ocrx_word' id='word_1_95' title='bbox 775 1151 830 1192; x_wconf 90' lang='lat' dir='ltr'><strong>suo</strong></span> <span class='ocrx_word' id='word_1_96' title='bbox 854 1132 1020 1192; x_wconf 86' lang='lat' dir='ltr'><strong>consistant</strong></span> <span class='ocrx_word' id='word_1_97' title='bbox 1058 1133 1138 1191; x_wconf 81' lang='lat' dir='ltr'><strong>Etlo</strong></span> 
     </span>
     <span class='ocr_line' id='line_1_12' title="bbox 78 1219 1099 1298; baseline -0.001 -17"><span class='ocrx_word' id='word_1_98' title='bbox 78 1226 153 1281; x_wconf 89' lang='lat' dir='ltr'><strong>tunc</strong></span> <span class='ocrx_word' id='word_1_99' title='bbox 185 1219 274 1280; x_wconf 88' lang='lat' dir='ltr'><strong>stiam</strong></span> <span class='ocrx_word' id='word_1_100' title='bbox 304 1222 335 1280; x_wconf 89' lang='lat' dir='ltr'><strong>in</strong></span> <span class='ocrx_word' id='word_1_101' title='bbox 364 1239 453 1280; x_wconf 84' lang='lat' dir='ltr'><strong>crura</strong></span> <span class='ocrx_word' id='word_1_102' title='bbox 485 1239 517 1280; x_wconf 87' lang='lat' dir='ltr'><strong>se</strong></span> <span class='ocrx_word' id='word_1_103' title='bbox 548 1221 688 1292; x_wconf 78' lang='lat' dir='ltr'><strong>declinat,</strong></span> <span class='ocrx_word' id='word_1_104' title='bbox 720 1221 808 1298; x_wconf 81' lang='lat' dir='ltr'><strong>igneo</strong></span> <span class='ocrx_word' id='word_1_105' title='bbox 836 1221 933 1280; x_wconf 85' lang='lat' dir='ltr'><strong>calore</strong></span> <span class='ocrx_word' id='word_1_106' title='bbox 960 1239 1014 1281; x_wconf 90' lang='lat' dir='ltr'><strong>suo</strong></span> <span class='ocrx_word' id='word_1_107' title='bbox 1045 1222 1099 1280; x_wconf 84' lang='lat' dir='ltr'><strong>ills</strong></span> 
     </span>
     <span class='ocr_line' id='line_1_13' title="bbox 79 1309 1099 1387; baseline 0 -17"><span class='ocrx_word' id='word_1_108' title='bbox 79 1309 280 1370; x_wconf 76' lang='lat' dir='ltr'><strong>confirmando</strong></span> <span class='ocrx_word' id='word_1_109' title='bbox 305 1329 339 1369; x_wconf 85' lang='lat' dir='ltr'><strong>ac</strong></span> <span class='ocrx_word' id='word_1_110' title='bbox 362 1310 461 1370; x_wconf 84' lang='lat' dir='ltr'><strong>omnin</strong></span> <span class='ocrx_word' id='word_1_111' title='bbox 483 1311 619 1387; x_wconf 86' lang='lat' dir='ltr'><strong>apposita</strong></span> <span class='ocrx_word' id='word_1_112' title='bbox 634 1311 765 1370; x_wconf 84' lang='lat' dir='ltr'><strong>aedificia</strong></span> <span class='ocrx_word' id='word_1_113' title='bbox 780 1329 902 1370; x_wconf 88' lang='lat' dir='ltr'><strong>crurum</strong></span> <span class='ocrx_word' id='word_1_114' title='bbox 916 1311 1099 1387; x_wconf 86' lang='lat' dir='ltr'><strong>sustinendo,</strong></span> 
     </span>
     <span class='ocr_line' id='line_1_14' title="bbox 79 1397 1098 1476; baseline 0.005 -18"><span class='ocrx_word' id='word_1_115' title='bbox 79 1397 334 1476; x_wconf 85' lang='lat' dir='ltr'><strong>quemadmodum</strong></span> <span class='ocrx_word' id='word_1_116' title='bbox 356 1399 462 1460; x_wconf 87' lang='lat' dir='ltr'><strong>domus</strong></span> <span class='ocrx_word' id='word_1_117' title='bbox 484 1400 630 1460; x_wconf 85' lang='lat' dir='ltr'><strong>columnis</strong></span> <span class='ocrx_word' id='word_1_118' title='bbox 653 1400 844 1460; x_wconf 80' lang='lat' dir='ltr'><strong>conlimatur</strong></span> <span class='ocrx_word' id='word_1_119' title='bbox 860 1402 890 1459; x_wconf 89' lang='lat' dir='ltr'><strong>et</strong></span> <span class='ocrx_word' id='word_1_120' title='bbox 905 1402 1098 1463; x_wconf 70' lang='lat' dir='ltr'><strong>sustentatur.</strong></span> 
     </span>
     <span class='ocr_line' id='line_1_15' title="bbox 77 1487 1098 1566; baseline 0.002 -19"><span class='ocrx_word' id='word_1_121' title='bbox 77 1490 124 1549; x_wconf 81' lang='lat' dir='ltr'><strong>Ac</strong></span> <span class='ocrx_word' id='word_1_122' title='bbox 140 1487 245 1547; x_wconf 88' lang='lat' dir='ltr'><strong>deinde</strong></span> <span class='ocrx_word' id='word_1_123' title='bbox 259 1489 349 1548; x_wconf 86' lang='lat' dir='ltr'><strong>etiam</strong></span> <span class='ocrx_word' id='word_1_124' title='bbox 364 1489 453 1565; x_wconf 91' lang='lat' dir='ltr'><strong>pedes</strong></span> <span class='ocrx_word' id='word_1_125' title='bbox 468 1493 498 1549; x_wconf 89' lang='lat' dir='ltr'><strong>et</strong></span> <span class='ocrx_word' id='word_1_126' title='bbox 513 1489 671 1550; x_wconf 82' lang='lat' dir='ltr'><strong>divisiones</strong></span> <span class='ocrx_word' id='word_1_127' title='bbox 690 1490 810 1566; x_wconf 87' lang='lat' dir='ltr'><strong>pedum,</strong></span> <span class='ocrx_word' id='word_1_128' title='bbox 834 1490 911 1549; x_wconf 89' lang='lat' dir='ltr'><strong>sicut</strong></span> <span class='ocrx_word' id='word_1_129' title='bbox 934 1490 1006 1548; x_wconf 89' lang='lat' dir='ltr'><strong>deus</strong></span> <span class='ocrx_word' id='word_1_130' title='bbox 1028 1490 1098 1549; x_wconf 92' lang='lat' dir='ltr'><strong>illos</strong></span> 
     </span>
     <span class='ocr_line' id='line_1_16' title="bbox 79 1576 1139 1655; baseline -0.003 -18"><span class='ocrx_word' id='word_1_131' title='bbox 79 1576 235 1638; x_wconf 87' lang='lat' dir='ltr'><strong>scribendo</strong></span> <span class='ocrx_word' id='word_1_132' title='bbox 252 1579 371 1654; x_wconf 80' lang='lat' dir='ltr'><strong>creavit,</strong></span> <span class='ocrx_word' id='word_1_133' title='bbox 393 1578 496 1653; x_wconf 84' lang='lat' dir='ltr'><strong>intrat,</strong></span> <span class='ocrx_word' id='word_1_134' title='bbox 521 1580 662 1654; x_wconf 89' lang='lat' dir='ltr'><strong>quoniam</strong></span> <span class='ocrx_word' id='word_1_135' title='bbox 685 1580 762 1638; x_wconf 88' lang='lat' dir='ltr'><strong>sicut</strong></span> <span class='ocrx_word' id='word_1_136' title='bbox 784 1578 873 1655; x_wconf 87' lang='lat' dir='ltr'><strong>pedes</strong></span> <span class='ocrx_word' id='word_1_137' title='bbox 892 1579 1095 1638; x_wconf 88' lang='lat' dir='ltr'><strong>columnarum</strong></span> <span class='ocrx_word' id='word_1_138' title='bbox 1112 1589 1139 1634; x_wconf 79' lang='lat'><strong>15</strong></span> 
     </span>
     <span class='ocr_line' id='line_1_17' title="bbox 78 1666 1096 1744; baseline 0.003 -19"><span class='ocrx_word' id='word_1_139' title='bbox 78 1667 160 1744; x_wconf 82' lang='lat' dir='ltr'><strong>ipsas</strong></span> <span class='ocrx_word' id='word_1_140' title='bbox 182 1666 342 1744; x_wconf 90' lang='lat' dir='ltr'><strong>columnas,</strong></span> <span class='ocrx_word' id='word_1_141' title='bbox 365 1668 407 1728; x_wconf 88' lang='lat' dir='ltr'><strong>sic</strong></span> <span class='ocrx_word' id='word_1_142' title='bbox 430 1671 461 1728; x_wconf 89' lang='lat' dir='ltr'><strong>st</strong></span> <span class='ocrx_word' id='word_1_143' title='bbox 474 1667 563 1744; x_wconf 87' lang='lat' dir='ltr'><strong>pedes</strong></span> <span class='ocrx_word' id='word_1_144' title='bbox 577 1667 706 1728; x_wconf 89' lang='lat' dir='ltr'><strong>hominis</strong></span> <span class='ocrx_word' id='word_1_145' title='bbox 722 1687 809 1727; x_wconf 88' lang='lat' dir='ltr'><strong>crura</strong></span> <span class='ocrx_word' id='word_1_146' title='bbox 828 1668 923 1743; x_wconf 88' lang='lat' dir='ltr'><strong>ipsius</strong></span> <span class='ocrx_word' id='word_1_147' title='bbox 938 1669 1096 1728; x_wconf 88' lang='lat' dir='ltr'><strong>sustinent.</strong></span> 
     </span>
     <span class='ocr_line' id='line_1_18' title="bbox 78 1755 1099 1834; baseline 0 -18"><span class='ocrx_word' id='word_1_148' title='bbox 78 1756 151 1833; x_wconf 83' lang='lat' dir='ltr'><strong>Ipsa</strong></span> <span class='ocrx_word' id='word_1_149' title='bbox 183 1755 262 1815; x_wconf 85' lang='lat' dir='ltr'><strong>enim</strong></span> <span class='ocrx_word' id='word_1_150' title='bbox 292 1757 390 1815; x_wconf 88' lang='lat' dir='ltr'><strong>anima</strong></span> <span class='ocrx_word' id='word_1_151' title='bbox 418 1757 548 1834; x_wconf 81' lang='lat' dir='ltr'><strong>figuram</strong></span> <span class='ocrx_word' id='word_1_152' title='bbox 579 1757 712 1833; x_wconf 88' lang='lat' dir='ltr'><strong>corporis</strong></span> <span class='ocrx_word' id='word_1_153' title='bbox 747 1757 859 1829; x_wconf 83' lang='lat' dir='ltr'><strong>firmat,</strong></span> <span class='ocrx_word' id='word_1_154' title='bbox 900 1757 1032 1817; x_wconf 83' lang='lat' dir='ltr'><strong>vivificat</strong></span> <span class='ocrx_word' id='word_1_155' title='bbox 1069 1760 1099 1816; x_wconf 89' lang='lat' dir='ltr'><strong>et</strong></span> 
     </span>
     <span class='ocr_line' id='line_1_19' title="bbox 77 1844 1097 1923; baseline 0.002 -19"><span class='ocrx_word' id='word_1_156' title='bbox 77 1845 239 1922; x_wconf 73' lang='lat' dir='ltr'><strong>illuminat,</strong></span> <span class='ocrx_word' id='word_1_157' title='bbox 262 1844 328 1906; x_wconf 88' lang='lat' dir='ltr'><strong>ideo</strong></span> <span class='ocrx_word' id='word_1_158' title='bbox 353 1845 434 1922; x_wconf 91' lang='lat' dir='ltr'><strong>quod</strong></span> <span class='ocrx_word' id='word_1_159' title='bbox 456 1846 547 1906; x_wconf 88' lang='lat' dir='ltr'><strong>etiam</strong></span> <span class='ocrx_word' id='word_1_160' title='bbox 569 1847 601 1904; x_wconf 89' lang='lat' dir='ltr'><strong>iu</strong></span> <span class='ocrx_word' id='word_1_161' title='bbox 624 1865 747 1923; x_wconf 87' lang='lat' dir='ltr'><strong>corpore</strong></span> <span class='ocrx_word' id='word_1_162' title='bbox 769 1847 922 1906; x_wconf 84' lang='lat' dir='ltr'><strong>flammans</strong></span> <span class='ocrx_word' id='word_1_163' title='bbox 944 1846 1023 1922; x_wconf 82' lang='lat' dir='ltr'><strong>ignis</strong></span> <span class='ocrx_word' id='word_1_164' title='bbox 1046 1848 1097 1921; x_wconf 75' lang='lat' dir='ltr'><strong>est</strong></span> 
     </span>
     <span class='ocr_line' id='line_1_20' title="bbox 79 1934 1099 2012; baseline -0.002 -17"><span class='ocrx_word' id='word_1_165' title='bbox 79 1935 159 1995; x_wconf 89' lang='lat' dir='ltr'><strong>sicut</strong></span> <span class='ocrx_word' id='word_1_166' title='bbox 181 1938 212 1994; x_wconf 90' lang='lat' dir='ltr'><strong>et</strong></span> <span class='ocrx_word' id='word_1_167' title='bbox 232 1934 311 2012; x_wconf 83' lang='lat' dir='ltr'><strong>ignis</strong></span> <span class='ocrx_word' id='word_1_168' title='bbox 333 1935 364 1994; x_wconf 91' lang='lat' dir='ltr'><strong>in</strong></span> <span class='ocrx_word' id='word_1_169' title='bbox 386 1938 451 1995; x_wconf 84' lang='lat' dir='ltr'><strong>tots</strong></span> <span class='ocrx_word' id='word_1_170' title='bbox 474 1936 561 1995; x_wconf 91' lang='lat' dir='ltr'><strong>domo</strong></span> <span class='ocrx_word' id='word_1_171' title='bbox 590 1939 621 1995; x_wconf 90' lang='lat' dir='ltr'><strong>et</strong></span> <span class='ocrx_word' id='word_1_172' title='bbox 646 1936 679 1994; x_wconf 92' lang='lat' dir='ltr'><strong>in</strong></span> <span class='ocrx_word' id='word_1_173' title='bbox 706 1935 841 1995; x_wconf 90' lang='lat' dir='ltr'><strong>omnibus</strong></span> <span class='ocrx_word' id='word_1_174' title='bbox 870 1936 989 2012; x_wconf 82' lang='lat' dir='ltr'><strong>angulis</strong></span> <span class='ocrx_word' id='word_1_175' title='bbox 1017 1936 1099 1995; x_wconf 88' lang='lat' dir='ltr'><strong>lucet</strong></span> 
     </span>
     <span class='ocr_line' id='line_1_21' title="bbox 78 2023 1138 2091; baseline -0.004 -7"><span class='ocrx_word' id='word_1_176' title='bbox 78 2027 111 2091; x_wconf 73' lang='lat' dir='ltr'><strong>et</strong></span> <span class='ocrx_word' id='word_1_177' title='bbox 137 2023 217 2084; x_wconf 88' lang='lat' dir='ltr'><strong>sicut</strong></span> <span class='ocrx_word' id='word_1_178' title='bbox 243 2027 338 2084; x_wconf 77' lang='lat' dir='ltr'><strong>totum</strong></span> <span class='ocrx_word' id='word_1_179' title='bbox 367 2024 489 2085; x_wconf 86' lang='lat' dir='ltr'><strong>domum</strong></span> <span class='ocrx_word' id='word_1_180' title='bbox 515 2025 674 2088; x_wconf 87' lang='lat' dir='ltr'><strong>illuminat.</strong></span> <span class='ocrx_word' id='word_1_181' title='bbox 719 2023 805 2084; x_wconf 90' lang='lat' dir='ltr'><strong>Unde</strong></span> <span class='ocrx_word' id='word_1_182' title='bbox 832 2027 863 2084; x_wconf 88' lang='lat' dir='ltr'><strong>et</strong></span> <span class='ocrx_word' id='word_1_183' title='bbox 894 2025 983 2084; x_wconf 88' lang='lat' dir='ltr'><strong>horno</strong></span> <span class='ocrx_word' id='word_1_184' title='bbox 1013 2024 1098 2084; x_wconf 84' lang='lat' dir='ltr'><strong>velut</strong></span> <span class='ocrx_word' id='word_1_185' title='bbox 1111 2034 1138 2080; x_wconf 77' lang='lat'><strong>20</strong></span> 
     </span>
     <span class='ocr_line' id='line_1_22' title="bbox 77 2113 1095 2191; baseline 0 -17"><span class='ocrx_word' id='word_1_186' title='bbox 77 2113 125 2174; x_wconf 90' lang='lat' dir='ltr'><strong>sol</strong></span> <span class='ocrx_word' id='word_1_187' title='bbox 157 2117 188 2173; x_wconf 89' lang='lat' dir='ltr'><strong>et</strong></span> <span class='ocrx_word' id='word_1_188' title='bbox 218 2113 290 2172; x_wconf 90' lang='lat' dir='ltr'><strong>luna</strong></span> <span class='ocrx_word' id='word_1_189' title='bbox 323 2115 379 2190; x_wconf 89' lang='lat' dir='ltr'><strong>est,</strong></span> <span class='ocrx_word' id='word_1_190' title='bbox 412 2115 484 2191; x_wconf 92' lang='lat' dir='ltr'><strong>quia</strong></span> <span class='ocrx_word' id='word_1_191' title='bbox 515 2113 593 2174; x_wconf 88' lang='lat' dir='ltr'><strong>sicut</strong></span> <span class='ocrx_word' id='word_1_192' title='bbox 621 2115 718 2191; x_wconf 87' lang='lat' dir='ltr'><strong>prima</strong></span> <span class='ocrx_word' id='word_1_193' title='bbox 748 2113 821 2174; x_wconf 91' lang='lat' dir='ltr'><strong>hora</strong></span> <span class='ocrx_word' id='word_1_194' title='bbox 849 2114 909 2172; x_wconf 91' lang='lat' dir='ltr'><strong>diei</strong></span> <span class='ocrx_word' id='word_1_195' title='bbox 939 2114 1017 2172; x_wconf 88' lang='lat' dir='ltr'><strong>diem</strong></span> <span class='ocrx_word' id='word_1_196' title='bbox 1050 2132 1095 2174; x_wconf 88' lang='lat' dir='ltr'><strong>os·</strong></span> 
     </span>
     <span class='ocr_line' id='line_1_23' title="bbox 77 2202 1095 2280; baseline -0.002 -18"><span class='ocrx_word' id='word_1_197' title='bbox 77 2202 189 2279; x_wconf 88' lang='lat' dir='ltr'><strong>tendit,</strong></span> <span class='ocrx_word' id='word_1_198' title='bbox 220 2202 264 2261; x_wconf 91' lang='lat' dir='ltr'><strong>ita</strong></span> <span class='ocrx_word' id='word_1_199' title='bbox 293 2204 324 2262; x_wconf 89' lang='lat' dir='ltr'><strong>et</strong></span> <span class='ocrx_word' id='word_1_200' title='bbox 350 2203 448 2261; x_wconf 85' lang='lat' dir='ltr'><strong>enimn</strong></span> <span class='ocrx_word' id='word_1_201' title='bbox 479 2222 533 2280; x_wconf 91' lang='lat' dir='ltr'><strong>per</strong></span> <span class='ocrx_word' id='word_1_202' title='bbox 564 2205 705 2264; x_wconf 77' lang='lat' dir='ltr'><strong>fenestras</strong></span> <span class='ocrx_word' id='word_1_203' title='bbox 738 2204 894 2263; x_wconf 88' lang='lat' dir='ltr'><strong>oculorum</strong></span> <span class='ocrx_word' id='word_1_204' title='bbox 922 2204 1022 2262; x_wconf 91' lang='lat' dir='ltr'><strong>lumen</strong></span> <span class='ocrx_word' id='word_1_205' title='bbox 1052 2202 1095 2262; x_wconf 88' lang='lat' dir='ltr'><strong>vi·</strong></span> 
     </span>
     <span class='ocr_line' id='line_1_24' title="bbox 78 2291 1096 2368; baseline -0.002 -17"><span class='ocrx_word' id='word_1_206' title='bbox 78 2291 177 2352; x_wconf 87' lang='lat' dir='ltr'><strong>dendo</strong></span> <span class='ocrx_word' id='word_1_207' title='bbox 219 2292 336 2368; x_wconf 80' lang='lat' dir='ltr'><strong>aspicit,</strong></span> <span class='ocrx_word' id='word_1_208' title='bbox 380 2295 411 2351; x_wconf 78' lang='lat' dir='ltr'><strong>‘et</strong></span> <span class='ocrx_word' id='word_1_209' title='bbox 449 2295 485 2350; x_wconf 90' lang='lat' dir='ltr'><strong>ut</strong></span> <span class='ocrx_word' id='word_1_210' title='bbox 518 2293 610 2352; x_wconf 86' lang='lat' dir='ltr'><strong>tertia</strong></span> <span class='ocrx_word' id='word_1_211' title='bbox 648 2292 721 2353; x_wconf 90' lang='lat' dir='ltr'><strong>hora</strong></span> <span class='ocrx_word' id='word_1_212' title='bbox 763 2293 822 2352; x_wconf 90' lang='lat' dir='ltr'><strong>diei</strong></span> <span class='ocrx_word' id='word_1_213' title='bbox 860 2292 981 2352; x_wconf 88' lang='lat' dir='ltr'><strong>eandem</strong></span> <span class='ocrx_word' id='word_1_214' title='bbox 1024 2292 1096 2366; x_wconf 88' lang='lat' dir='ltr'><strong>[ani-</strong></span> 
     </span>
     <span class='ocr_line' id='line_1_25' title="bbox 80 2380 1097 2460; baseline -0.001 -20"><span class='ocrx_word' id='word_1_215' title='bbox 80 2383 174 2456; x_wconf 88' lang='lat' dir='ltr'><strong>mam]</strong></span> <span class='ocrx_word' id='word_1_216' title='bbox 214 2380 335 2458; x_wconf 83' lang='lat' dir='ltr'><strong>dilatat,</strong></span> <span class='ocrx_word' id='word_1_217' title='bbox 380 2381 422 2440; x_wconf 89' lang='lat' dir='ltr'><strong>sic</strong></span> <span class='ocrx_word' id='word_1_218' title='bbox 459 2383 490 2440; x_wconf 87' lang='lat' dir='ltr'><strong>st</strong></span> <span class='ocrx_word' id='word_1_219' title='bbox 527 2381 626 2441; x_wconf 89' lang='lat' dir='ltr'><strong>anima</strong></span> <span class='ocrx_word' id='word_1_220' title='bbox 666 2381 862 2460; x_wconf 79' lang='lat' dir='ltr'><strong>cogitationes</strong></span> <span class='ocrx_word' id='word_1_221' title='bbox 900 2382 931 2439; x_wconf 89' lang='lat' dir='ltr'><strong>in</strong></span> <span class='ocrx_word' id='word_1_222' title='bbox 977 2383 1097 2457; x_wconf 89' lang='lat' dir='ltr'><strong>pectore</strong></span> 
     </span>
     <span class='ocr_line' id='line_1_26' title="bbox 77 2469 1139 2547; baseline -0.003 -18"><span class='ocrx_word' id='word_1_223' title='bbox 77 2470 275 2547; x_wconf 83' lang='lat' dir='ltr'><strong>multiplicat3</strong></span> <span class='ocrx_word' id='word_1_224' title='bbox 306 2473 337 2531; x_wconf 87' lang='lat' dir='ltr'><strong>et</strong></span> <span class='ocrx_word' id='word_1_225' title='bbox 368 2470 619 2546; x_wconf 88' lang='lat' dir='ltr'><strong>quemadmodum</strong></span> <span class='ocrx_word' id='word_1_226' title='bbox 650 2472 741 2531; x_wconf 85' lang='lat' dir='ltr'><strong>ctiam</strong></span> <span class='ocrx_word' id='word_1_227' title='bbox 771 2471 816 2530; x_wconf 91' lang='lat' dir='ltr'><strong>sol</strong></span> <span class='ocrx_word' id='word_1_228' title='bbox 847 2471 878 2529; x_wconf 88' lang='lat' dir='ltr'><strong>in</strong></span> <span class='ocrx_word' id='word_1_229' title='bbox 912 2473 994 2529; x_wconf 83' lang='lat' dir='ltr'><strong>sexta</strong></span> <span class='ocrx_word' id='word_1_230' title='bbox 1025 2469 1098 2528; x_wconf 92' lang='lat' dir='ltr'><strong>hora</strong></span> <span class='ocrx_word' id='word_1_231' title='bbox 1111 2477 1139 2525; x_wconf 72' lang='lat'><strong>25</strong></span> 
     </span>
     <span class='ocr_line' id='line_1_27' title="bbox 77 2558 1098 2636; baseline 0 -18"><span class='ocrx_word' id='word_1_232' title='bbox 77 2559 202 2619; x_wconf 80' lang='lat' dir='ltr'><strong>fortiter</strong></span> <span class='ocrx_word' id='word_1_233' title='bbox 237 2559 320 2620; x_wconf 89' lang='lat' dir='ltr'><strong>ardet</strong></span> <span class='ocrx_word' id='word_1_234' title='bbox 350 2578 384 2619; x_wconf 91' lang='lat' dir='ltr'><strong>ac</strong></span> <span class='ocrx_word' id='word_1_235' title='bbox 412 2559 511 2619; x_wconf 90' lang='lat' dir='ltr'><strong>omnia</strong></span> <span class='ocrx_word' id='word_1_236' title='bbox 542 2561 573 2619; x_wconf 89' lang='lat' dir='ltr'><strong>in</strong></span> <span class='ocrx_word' id='word_1_237' title='bbox 607 2563 755 2636; x_wconf 83' lang='lat' dir='ltr'><strong>potestate</strong></span> <span class='ocrx_word' id='word_1_238' title='bbox 784 2578 838 2619; x_wconf 88' lang='lat' dir='ltr'><strong>sua</strong></span> <span class='ocrx_word' id='word_1_239' title='bbox 864 2559 966 2630; x_wconf 87' lang='lat' dir='ltr'><strong>habet,</strong></span> <span class='ocrx_word' id='word_1_240' title='bbox 997 2558 1041 2617; x_wconf 90' lang='lat' dir='ltr'><strong>ita</strong></span> <span class='ocrx_word' id='word_1_241' title='bbox 1068 2563 1098 2618; x_wconf 90' lang='lat' dir='ltr'><strong>et</strong></span> 
     </span>
     <span class='ocr_line' id='line_1_28' title="bbox 78 2648 1099 2726; baseline -0.002 -18"><span class='ocrx_word' id='word_1_242' title='bbox 78 2649 178 2708; x_wconf 85' lang='lat' dir='ltr'><strong>anima</strong></span> <span class='ocrx_word' id='word_1_243' title='bbox 204 2649 236 2708; x_wconf 88' lang='lat' dir='ltr'><strong>in</strong></span> <span class='ocrx_word' id='word_1_244' title='bbox 267 2648 354 2709; x_wconf 88' lang='lat' dir='ltr'><strong>corda</strong></span> <span class='ocrx_word' id='word_1_245' title='bbox 385 2649 516 2726; x_wconf 89' lang='lat' dir='ltr'><strong>plurima</strong></span> <span class='ocrx_word' id='word_1_246' title='bbox 547 2650 640 2710; x_wconf 87' lang='lat' dir='ltr'><strong>sciens</strong></span> <span class='ocrx_word' id='word_1_247' title='bbox 673 2649 705 2708; x_wconf 93' lang='lat' dir='ltr'><strong>in</strong></span> <span class='ocrx_word' id='word_1_248' title='bbox 736 2648 876 2724; x_wconf 87' lang='lat' dir='ltr'><strong>operibus</strong></span> <span class='ocrx_word' id='word_1_249' title='bbox 908 2648 970 2707; x_wconf 89' lang='lat' dir='ltr'><strong>suis</strong></span> <span class='ocrx_word' id='word_1_250' title='bbox 1001 2648 1099 2707; x_wconf 85' lang='lat' dir='ltr'><strong>multa</strong></span> 
     </span>
     <span class='ocr_line' id='line_1_29' title="bbox 79 2737 1097 2814; baseline -0.003 -16"><span class='ocrx_word' id='word_1_251' title='bbox 79 2737 224 2810; x_wconf 82' lang='lat' dir='ltr'><strong>ostendit3</strong></span> <span class='ocrx_word' id='word_1_252' title='bbox 256 2741 287 2798; x_wconf 89' lang='lat' dir='ltr'><strong>et</strong></span> <span class='ocrx_word' id='word_1_253' title='bbox 320 2739 399 2799; x_wconf 67' lang='lat' dir='ltr'><strong>ucut</strong></span> <span class='ocrx_word' id='word_1_254' title='bbox 426 2739 471 2798; x_wconf 89' lang='lat' dir='ltr'><strong>sol</strong></span> <span class='ocrx_word' id='word_1_255' title='bbox 497 2739 529 2796; x_wconf 94' lang='lat' dir='ltr'><strong>in</strong></span> <span class='ocrx_word' id='word_1_256' title='bbox 556 2758 634 2799; x_wconf 92' lang='lat' dir='ltr'><strong>nona</strong></span> <span class='ocrx_word' id='word_1_257' title='bbox 664 2739 696 2796; x_wconf 88' lang='lat' dir='ltr'><strong>in</strong></span> <span class='ocrx_word' id='word_1_258' title='bbox 728 2738 878 2814; x_wconf 89' lang='lat' dir='ltr'><strong>quandam</strong></span> <span class='ocrx_word' id='word_1_259' title='bbox 910 2737 1097 2814; x_wconf 81' lang='lat' dir='ltr'><strong>geliditatem</strong></span> 
     </span>
     <span class='ocr_line' id='line_1_30' title="bbox 77 2827 1099 2903; baseline -0.003 -15"><span class='ocrx_word' id='word_1_260' title='bbox 77 2846 109 2888; x_wconf 85' lang='lat' dir='ltr'><strong>sa</strong></span> <span class='ocrx_word' id='word_1_261' title='bbox 132 2827 264 2899; x_wconf 88' lang='lat' dir='ltr'><strong>inclinat,</strong></span> <span class='ocrx_word' id='word_1_262' title='bbox 296 2828 408 2903; x_wconf 80' lang='lat' dir='ltr'><strong>(qnia)</strong></span> <span class='ocrx_word' id='word_1_263' title='bbox 439 2846 514 2903; x_wconf 86' lang='lat' dir='ltr'><strong>opus</strong></span> <span class='ocrx_word' id='word_1_264' title='bbox 539 2828 597 2887; x_wconf 89' lang='lat' dir='ltr'><strong>diei</strong></span> <span class='ocrx_word' id='word_1_265' title='bbox 624 2828 684 2886; x_wconf 88' lang='lat' dir='ltr'><strong>iam</strong></span> <span class='ocrx_word' id='word_1_266' title='bbox 706 2827 845 2903; x_wconf 86' lang='lat' dir='ltr'><strong>perfecit,</strong></span> <span class='ocrx_word' id='word_1_267' title='bbox 874 2828 919 2886; x_wconf 89' lang='lat' dir='ltr'><strong>ita</strong></span> <span class='ocrx_word' id='word_1_268' title='bbox 947 2827 978 2885; x_wconf 90' lang='lat' dir='ltr'><strong>in</strong></span> <span class='ocrx_word' id='word_1_269' title='bbox 1001 2828 1099 2885; x_wconf 86' lang='lat' dir='ltr'><strong>anima</strong></span> 
     </span>
     <span class='ocr_line' id='line_1_31' title="bbox 78 2915 1139 2993; baseline -0.001 -16"><span class='ocrx_word' id='word_1_270' title='bbox 78 2920 135 2993; x_wconf 84' lang='lat' dir='ltr'><strong>est,</strong></span> <span class='ocrx_word' id='word_1_271' title='bbox 160 2935 230 2976; x_wconf 86' lang='lat' dir='ltr'><strong>cum</strong></span> <span class='ocrx_word' id='word_1_272' title='bbox 252 2917 317 2993; x_wconf 87' lang='lat' dir='ltr'><strong>ipsa</strong></span> <span class='ocrx_word' id='word_1_273' title='bbox 338 2917 370 2974; x_wconf 89' lang='lat' dir='ltr'><strong>in</strong></span> <span class='ocrx_word' id='word_1_274' title='bbox 384 2920 488 2976; x_wconf 80' lang='lat' dir='ltr'><strong>ventre</strong></span> <span class='ocrx_word' id='word_1_275' title='bbox 512 2920 654 2993; x_wconf 87' lang='lat' dir='ltr'><strong>operatur</strong></span> <span class='ocrx_word' id='word_1_276' title='bbox 677 2935 746 2976; x_wconf 85' lang='lat' dir='ltr'><strong>eum</strong></span> <span class='ocrx_word' id='word_1_277' title='bbox 768 2915 851 2993; x_wconf 83' lang='lat' dir='ltr'><strong>cibis,</strong></span> <span class='ocrx_word' id='word_1_278' title='bbox 875 2916 985 2993; x_wconf 86' lang='lat' dir='ltr'><strong>quibus</strong></span> <span class='ocrx_word' id='word_1_279' title='bbox 1008 2917 1096 2976; x_wconf 93' lang='lat' dir='ltr'><strong>homo</strong></span> <span class='ocrx_word' id='word_1_280' title='bbox 1111 2922 1139 2969; x_wconf 84' lang='lat'><strong>³⁰</strong></span> 
     </span>
     <span class='ocr_line' id='line_1_32' title="bbox 78 3005 1096 3083; baseline 0 -18"><span class='ocrx_word' id='word_1_281' title='bbox 78 3006 226 3083; x_wconf 85' lang='lat' dir='ltr'><strong>pascitur,</strong></span> <span class='ocrx_word' id='word_1_282' title='bbox 262 3005 315 3082; x_wconf 88' lang='lat' dir='ltr'><strong>qui</strong></span> <span class='ocrx_word' id='word_1_283' title='bbox 342 3024 396 3082; x_wconf 86' lang='lat' dir='ltr'><strong>per</strong></span> <span class='ocrx_word' id='word_1_284' title='bbox 417 3006 510 3066; x_wconf 90' lang='lat' dir='ltr'><strong>solem</strong></span> <span class='ocrx_word' id='word_1_285' title='bbox 533 3006 679 3082; x_wconf 86' lang='lat' dir='ltr'><strong>radicant‚</strong></span> <span class='ocrx_word' id='word_1_286' title='bbox 710 3008 858 3082; x_wconf 77' lang='lat' dir='ltr'><strong>crescunt,</strong></span> <span class='ocrx_word' id='word_1_287' title='bbox 890 3006 1096 3082; x_wconf 89' lang='lat' dir='ltr'><strong>perficiuntur.</strong></span> 
     </span>
     <span class='ocr_line' id='line_1_33' title="bbox 78 3092 1098 3172; baseline 0 -18"><span class='ocrx_word' id='word_1_288' title='bbox 78 3092 167 3155; x_wconf 84' lang='lat' dir='ltr'><strong>Oirca</strong></span> <span class='ocrx_word' id='word_1_289' title='bbox 188 3113 346 3172; x_wconf 84' lang='lat' dir='ltr'><strong>vesperum</strong></span> <span class='ocrx_word' id='word_1_290' title='bbox 369 3098 469 3154; x_wconf 90' lang='lat' dir='ltr'><strong>autem</strong></span> <span class='ocrx_word' id='word_1_291' title='bbox 491 3096 535 3155; x_wconf 93' lang='lat' dir='ltr'><strong>sol</strong></span> <span class='ocrx_word' id='word_1_292' title='bbox 559 3095 615 3155; x_wconf 89' lang='lat' dir='ltr'><strong>sub</strong></span> <span class='ocrx_word' id='word_1_293' title='bbox 630 3099 741 3155; x_wconf 86' lang='lat' dir='ltr'><strong>terram</strong></span> <span class='ocrx_word' id='word_1_294' title='bbox 755 3114 785 3154; x_wconf 87' lang='lat' dir='ltr'><strong>se</strong></span> <span class='ocrx_word' id='word_1_295' title='bbox 801 3095 963 3171; x_wconf 88' lang='lat' dir='ltr'><strong>abscondit,</strong></span> <span class='ocrx_word' id='word_1_296' title='bbox 987 3100 1017 3153; x_wconf 92' lang='lat' dir='ltr'><strong>et</strong></span> <span class='ocrx_word' id='word_1_297' title='bbox 1039 3114 1098 3154; x_wconf 82' lang='lat' dir='ltr'><strong>nox</strong></span> 
     </span>
     <span class='ocr_line' id='line_1_34' title="bbox 78 3183 1095 3261; baseline 0.001 -19"><span class='ocrx_word' id='word_1_298' title='bbox 78 3185 216 3261; x_wconf 85' lang='lat' dir='ltr'><strong>apparot,</strong></span> <span class='ocrx_word' id='word_1_299' title='bbox 245 3184 318 3261; x_wconf 88' lang='lat' dir='ltr'><strong>quia</strong></span> <span class='ocrx_word' id='word_1_300' title='bbox 339 3184 437 3243; x_wconf 90' lang='lat' dir='ltr'><strong>anima</strong></span> <span class='ocrx_word' id='word_1_301' title='bbox 459 3184 491 3242; x_wconf 94' lang='lat' dir='ltr'><strong>in</strong></span> <span class='ocrx_word' id='word_1_302' title='bbox 514 3183 651 3244; x_wconf 87' lang='lat' dir='ltr'><strong>cruribus</strong></span> <span class='ocrx_word' id='word_1_303' title='bbox 673 3187 788 3256; x_wconf 88' lang='lat' dir='ltr'><strong>manet,</strong></span> <span class='ocrx_word' id='word_1_304' title='bbox 822 3204 898 3261; x_wconf 87' lang='lat' dir='ltr'><strong>quae</strong></span> <span class='ocrx_word' id='word_1_305' title='bbox 920 3186 1021 3243; x_wconf 87' lang='lat' dir='ltr'><strong>totum</strong></span> <span class='ocrx_word' id='word_1_306' title='bbox 1043 3184 1095 3243; x_wconf 88' lang='lat' dir='ltr'><strong>ho·</strong></span> 
     </span>
     <span class='ocr_line' id='line_1_35' title="bbox 78 3273 1098 3350; baseline -0.001 -18"><span class='ocrx_word' id='word_1_307' title='bbox 78 3273 192 3334; x_wconf 89' lang='lat' dir='ltr'><strong>minem</strong></span> <span class='ocrx_word' id='word_1_308' title='bbox 226 3273 384 3350; x_wconf 81' lang='lat' dir='ltr'><strong>continent,</strong></span> <span class='ocrx_word' id='word_1_309' title='bbox 416 3276 446 3333; x_wconf 89' lang='lat' dir='ltr'><strong>et</strong></span> <span class='ocrx_word' id='word_1_310' title='bbox 476 3273 555 3333; x_wconf 90' lang='lat' dir='ltr'><strong>circa</strong></span> <span class='ocrx_word' id='word_1_311' title='bbox 584 3273 688 3333; x_wconf 88' lang='lat' dir='ltr'><strong>horam</strong></span> <span class='ocrx_word' id='word_1_312' title='bbox 717 3273 801 3332; x_wconf 91' lang='lat' dir='ltr'><strong>illam</strong></span> <span class='ocrx_word' id='word_1_313' title='bbox 830 3292 917 3349; x_wconf 86' lang='lat' dir='ltr'><strong>opere</strong></span> <span class='ocrx_word' id='word_1_314' title='bbox 946 3273 1039 3331; x_wconf 86' lang='lat' dir='ltr'><strong>fessus</strong></span> <span class='ocrx_word' id='word_1_315' title='bbox 1068 3277 1098 3331; x_wconf 89' lang='lat' dir='ltr'><strong>et</strong></span> 
     </span>
     <span class='ocr_line' id='line_1_36' title="bbox 77 3361 1139 3440; baseline -0.006 -17"><span class='ocrx_word' id='word_1_316' title='bbox 77 3362 145 3423; x_wconf 90' lang='lat' dir='ltr'><strong>cibo</strong></span> <span class='ocrx_word' id='word_1_317' title='bbox 173 3366 317 3422; x_wconf 84' lang='lat' dir='ltr'><strong>vacuatus</strong></span> <span class='ocrx_word' id='word_1_318' title='bbox 344 3362 432 3422; x_wconf 90' lang='lat' dir='ltr'><strong>homo</strong></span> <span class='ocrx_word' id='word_1_319' title='bbox 461 3362 617 3440; x_wconf 85' lang='lat' dir='ltr'><strong>dormitat,</strong></span> <span class='ocrx_word' id='word_1_320' title='bbox 651 3364 723 3422; x_wconf 89' lang='lat' dir='ltr'><strong>dum</strong></span> <span class='ocrx_word' id='word_1_321' title='bbox 753 3363 865 3422; x_wconf 90' lang='lat' dir='ltr'><strong>iterum</strong></span> <span class='ocrx_word' id='word_1_322' title='bbox 897 3362 941 3421; x_wconf 91' lang='lat' dir='ltr'><strong>sol</strong></span> <span class='ocrx_word' id='word_1_323' title='bbox 973 3361 1097 3423; x_wconf 81' lang='lat' dir='ltr'><strong>oriatur.</strong></span> <span class='ocrx_word' id='word_1_324' title='bbox 1110 3368 1139 3415; x_wconf 78' lang='lat'><strong>35</strong></span> 
     </span>
     <span class='ocr_line' id='line_1_37' title="bbox 76 3449 1100 3534; baseline -0.005 -22"><span class='ocrx_word' id='word_1_325' title='bbox 76 3452 190 3512; x_wconf 84' lang='lat' dir='ltr'><strong>Anima</strong></span> <span class='ocrx_word' id='word_1_326' title='bbox 212 3451 290 3511; x_wconf 88' lang='lat' dir='ltr'><strong>enim</strong></span> <span class='ocrx_word' id='word_1_327' title='bbox 320 3470 442 3512; x_wconf 87' lang='lat' dir='ltr'><strong>succum</strong></span> <span class='ocrx_word' id='word_1_328' title='bbox 474 3452 610 3512; x_wconf 88' lang='lat' dir='ltr'><strong>ciborum</strong></span> <span class='ocrx_word' id='word_1_329' title='bbox 640 3455 705 3512; x_wconf 90' lang='lat' dir='ltr'><strong>toto</strong></span> <span class='ocrx_word' id='word_1_330' title='bbox 734 3453 851 3528; x_wconf 87' lang='lat' dir='ltr'><strong>corpori</strong></span> <span class='ocrx_word' id='word_1_331' title='bbox 880 3452 960 3510; x_wconf 87' lang='lat' dir='ltr'><strong>recte</strong></span> <span class='ocrx_word' id='word_1_332' title='bbox 988 3449 1100 3534; x_wconf 75' lang='lat' dir='ltr'><strong>dividit</strong></span> 
     </span>
     <span class='ocr_line' id='line_1_38' title="bbox 76 3539 1124 3620; baseline 0 -18"><span class='ocrx_word' id='word_1_333' title='bbox 76 3545 110 3602; x_wconf 86' lang='lat' dir='ltr'><strong>et</strong></span> <span class='ocrx_word' id='word_1_334' title='bbox 145 3540 294 3616; x_wconf 88' lang='lat' dir='ltr'><strong>reliquum</strong></span> <span class='ocrx_word' id='word_1_335' title='bbox 324 3541 446 3615; x_wconf 84' lang='lat' dir='ltr'><strong>emittit,</strong></span> <span class='ocrx_word' id='word_1_336' title='bbox 479 3541 739 3620; x_wconf 84' lang='lat' dir='ltr'><strong>quemadmodum</strong></span> <span class='ocrx_word' id='word_1_337' title='bbox 768 3543 883 3607; x_wconf 78' lang='lat' dir='ltr'><strong>uinum</strong></span> <span class='ocrx_word' id='word_1_338' title='bbox 914 3563 936 3602; x_wconf 84' lang='lat' dir='ltr'><strong>a.</strong></span> <span class='ocrx_word' id='word_1_339' title='bbox 966 3539 1056 3598; x_wconf 60' lang='lat' dir='ltr'><strong>iactr</strong></span> <span class='ocrx_word' id='word_1_340' title='bbox 1087 3555 1124 3594; x_wconf 51' lang='lat' dir='ltr'><strong>*a</strong></span> 
     </span>
    </p>
   </div>
   <div class='ocr_carea' id='block_1_3' title="bbox 0 0 1234 3862">
    <p class='ocr_par' dir='ltr' id='par_1_3' title="bbox 0 0 1234 3862">
     <span class='ocr_line' id='line_1_39' title="bbox 0 0 1234 3862; baseline 0 0"><span class='ocrx_word' id='word_1_341' title='bbox 0 0 1234 3862; x_wconf 95' lang='lat' dir='ltr'><strong> </strong></span> 
     </span>
    </p>
   </div>
  </div>
 </body>
</html>
