2460 3862
132 142 194 201 218
519 133 766 190 HILDEGARDIS

134 323 163 379 et
178 321 255 395 dille,
270 320 313 378 ita
328 323 363 378 ut
383 317 547 377 feniculum
571 320 642 381 dille
665 319 793 393 excedat,
818 319 901 377 etin
927 338 1038 395 aquam
1062 339 1149 396 pone,

132 414 169 468 ut
193 428 271 485 aqua
294 409 330 467 ab
354 408 395 467 eis
423 426 559 484 saporem
580 409 713 485 accipiat,
737 412 767 467 et
793 408 830 466 da
853 408 895 467 eis
918 409 954 467 ad
976 406 1151 484 bibendum,

133 504 162 556 et
184 497 428 559 meliorabuntur.

202 580 278 666 l)De
306 605 385 660 equo.
432 584 462 644 Si
490 587 568 647 fluor
594 588 736 647 reumatis
765 587 801 646 de
828 586 949 645 naribus
977 587 1050 663 equi
1073 587 1151 663 fluit,

108 676 177 734 5ita
200 676 280 751 quod
302 676 371 735 inde
393 667 490 747 tricet,
524 677 748 738 teiteracrclum
771 679 801 736 et
833 677 901 751 plus
925 676 961 734 de
990 674 1150 748 lubintikel,

136 784 225 840 quam
240 765 466 826 beiterocrelam
481 765 528 840 sit,
552 765 583 823 in
606 785 684 842 aqua
707 784 801 842 coque
825 768 855 823 et
877 766 968 838 domp
990 766 1087 824 istum
1109 767 1152 824 ita

136 853 265 913 calidum
280 855 311 913 in
326 874 411 914 nares
428 855 504 913 etin
525 872 557 913 os
580 855 643 914 eius
669 855 753 913 freno
776 855 839 914 eius
860 854 999 930 imposito
1024 855 1154 914 transire

134 945 287 1017 permitte,
316 947 346 1002 et
376 942 538 1002 sanabitur.
585 943 672 1013 Quod
699 943 724 1002 si
752 963 847 1020 equus
875 944 905 1001 in
932 946 1036 1002 ventre
1061 943 1154 1018 dolet,

137 1033 209 1092 item
219 1034 462 1093 heiteraerrelam
478 1035 508 1090 et
523 1033 592 1108 plus
608 1033 644 1091 de
661 1032 817 1108 libertatico,
841 1051 931 1107 quem
945 1031 1153 1094 recreamur

96 1134 123 1180 10
135 1122 182 1197 sit,
211 1123 321 1197 pabulo
349 1123 411 1180 eius
436 1140 521 1197 saepe
545 1122 724 1197 intermisce,
751 1126 788 1181 ut
814 1122 857 1180 ita
884 1122 973 1180 simul
1004 1122 1150 1199 comedat,

134 1218 164 1269 et
186 1211 349 1271 curabitur.

199 1301 363 1361 Dourion.
410 1299 441 1357 Si
470 1300 567 1358 asinus
590 1302 620 1358 in
644 1301 740 1375 capite
764 1300 859 1376 dolet,
886 1300 930 1358 ita
952 1300 1034 1376 quod
1057 1293 1151 1375 biset,

95 1432 97 1436 .
135 1390 233 1465 accipe
255 1406 393 1449 asseram
423 1388 458 1446 de
490 1389 572 1466 fago,
604 1388 636 1447 id
664 1391 707 1448 est
735 1389 846 1448 cineres
874 1389 950 1465 fagi,
982 1389 1152 1465 dequibus

93 1499 94 1503 ¹
134 1479 229 1539 lexiva
262 1479 341 1538 facta
373 1479 430 1553 est,
468 1481 498 1536 et
526 1497 595 1536 cum
621 1478 701 1536 idem
729 1479 840 1537 cineres
867 1479 928 1536 iam
955 1478 1044 1537 calidi
1073 1482 1150 1554 sunt,

96 1581 123 1624 15
137 1569 226 1640 domp
241 1567 375 1647 illumin
396 1584 428 1625 os
451 1572 481 1625 et
503 1567 533 1625 in
557 1586 641 1626 nares
664 1568 737 1626 asini
760 1568 841 1626 illius
864 1567 991 1626 transire
1005 1568 1106 1636 facias,
1123 1573 1153 1628 et

135 1656 297 1719 curabitur.
334 1654 420 1725 Quod
441 1656 467 1714 ei
488 1658 579 1715 etiam
603 1657 702 1716 asinus
725 1657 757 1715 in
780 1660 885 1716 ventre
909 1656 1001 1732 dolet,
1026 1659 1153 1717 maiores

135 1747 312 1818 buflatbcchc
340 1745 377 1803 ad
405 1744 538 1805 furfures
566 1746 597 1804 in
625 1766 703 1822 aqua
733 1746 846 1804 modice
883 1745 1040 1806 calefactos
1080 1748 1151 1806 inci·

136 1835 239 1906 dendo,
255 1836 286 1893 id
302 1838 346 1894 est
362 1835 531 1907 scarbeade,
547 1835 636 1894 misce
652 1838 683 1894 et
698 1835 754 1894 hoc
769 1853 855 1909 saepe
870 1835 925 1906 fac,
942 1837 973 1893 et
988 1836 1153 1899 curabitur.

180 1924 225 1982 Dc
248 1942 348 1998 porco.
400 1923 476 1983 Oum
502 1942 611 2000 porcus
639 1923 772 1999 qualibet
798 1923 970 1982 infirmitate
998 1928 1150 2001 gravatur,

99 2025 126 2070 20
140 2013 237 2088 accipe
262 2014 385 2072 conchas
410 2014 578 2088 testudinis,
611 2013 642 2070 id
665 2016 711 2072 est
733 2014 923 2085 acceleratus,
947 2018 978 2072 et
1000 2014 1150 2074 modicum

137 2103 205 2177 plus
229 2102 264 2161 de
281 2104 359 2175 dille,
383 2121 473 2178 quam
497 2102 674 2161 concharum
695 2102 821 2160 istarum
844 2103 891 2174 sit,
915 2104 945 2161 et
968 2102 1040 2162 baec
1062 2104 1151 2162 simul

136 2192 301 2251 comminue
330 2196 360 2251 et
388 2191 430 2250 ita
457 2192 488 2250 in
515 2210 552 2250 aa
580 2191 642 2249 eius
666 2210 754 2267 ponc,
777 2193 813 2250 ut
836 2191 980 2263 comedat,
1008 2194 1040 2251 et
1062 2193 1150 2252 etiam

135 2281 359 2341 beitcracaclum
392 2281 423 2339 in
451 2301 529 2357 aqua
558 2299 651 2355 coque
681 2284 711 2339 et
737 2280 781 2338 ita
808 2284 923 2340 coctam
950 2299 1019 2340 cum
1050 2281 1151 2341 eadem

137 2389 214 2447 equa
229 2389 266 2430 aa
283 2371 347 2430 eius
362 2370 503 2440 immisce,
527 2371 563 2428 ut
585 2369 627 2428 sic
650 2369 778 2440 devoret,
802 2372 833 2428 et
854 2369 911 2429 hoc
933 2388 1020 2445 saepe
1043 2371 1099 2446 fac,
1122 2374 1151 2429 et

97 2472 124 2516 25
137 2460 300 2520 curabitur.

198 2550 244 2608 De
268 2567 368 2623 capro.
415 2548 447 2606 Si
470 2566 558 2622 capra
581 2548 682 2623 aliquo
705 2547 793 2607 modo
816 2547 993 2623 infirmatur,
1017 2548 1092 2607 folia
1115 2549 1150 2608 de
1169 2614 1184 2622 ,

134 2640 211 2697 aiche
239 2639 266 2697 ei
294 2638 475 2698 sufficienter
502 2640 532 2694 et
560 2655 646 2712 saepe
669 2636 705 2695 ad
729 2635 940 2696 comedendum
963 2637 1014 2712 da,
1043 2640 1080 2697 nt
1107 2638 1151 2697 ita

135 2727 273 2799 comedat,
298 2731 328 2786 et
350 2728 406 2786 hoc
429 2744 515 2800 saepe
538 2727 593 2797 fac,
617 2729 647 2784 et
670 2726 833 2786 curabitur.

199 2811 286 2898 [Item
309 2818 345 2876 dc
369 2834 440 2890 equo
464 2820 490 2875 ct
513 2816 588 2874 boec.
636 2807 699 2892 ²)Si
722 2834 798 2891 equo
823 2815 968 2874 authori
992 2817 1047 2874 aut
1068 2816 1150 2876 asino

95 2915 122 2960 ³0
135 2921 239 2962 venam
254 2906 383 2965 incidere
402 2905 535 2965 volueris
555 2904 586 2962 in
607 2904 771 2964 minutione
794 2903 946 2981 sanguinis
970 2907 1000 2962 et
1023 2904 1049 2963 si
1072 2905 1151 2965 idem

135 2993 241 3051 animal
264 2995 341 3053 forte
365 2999 395 3054 et
418 2996 628 3070 corpulentum
650 2998 703 3069 est,
727 2997 806 3064 tunc,
831 2997 978 3070 quantum
999 2994 1151 3070 picarium

133 3099 236 3158 capere
258 3087 358 3158 potest
381 3103 483 3160 aquae,
507 3083 681 3160 sanguinem
705 3084 732 3141 ei
753 3083 862 3143 minue.
905 3082 936 3141 Si
959 3100 1030 3142 vero
1054 3102 1150 3161 equus

135 3175 188 3230 aut
214 3172 267 3232 bos
297 3176 349 3231 aut
372 3174 471 3232 asinus
495 3173 600 3232 debilis
624 3176 653 3231 et
675 3191 773 3231 macer
796 3171 902 3243 fuerit,
930 3171 967 3230 ad
990 3172 1150 3231 dimidium

132 3262 274 3336 picarium
297 3263 471 3339 sanguinem
494 3262 521 3320 ei
544 3262 657 3337 minue,
680 3261 792 3321 scilicet
815 3259 977 3320 secundum
997 3263 1149 3338 propriam

98 3360 125 3406 85
138 3352 361 3411 crassitudinem
372 3355 402 3410 et
414 3351 590 3410 tenuitatem
602 3351 724 3409 virtutis
734 3369 811 3425 suae,
829 3353 859 3409 et
874 3353 943 3426 post
951 3351 1149 3411 minutionem

133 3480 344 3492 ὴ...-

178 3540 200 3610 l)
213 3561 234 3597 r.
247 3543 336 3598 4-11
348 3565 385 3593 =
394 3541 492 3616 Migne
504 3541 573 3596 noe
585 3540 616 3595 B.
626 3540 926 3611 Atura-palan
937 3541 1146 3612 =p.12?,ao·n.
