2438 3854
175 129 238 190 196
560 124 807 180 HILDEGARDIS

173 311 301 369 mtuofis
314 310 447 368 ieiunum
462 308 600 373 laederet.
644 309 684 368 Et
704 309 751 368 his
773 308 853 367 idem
874 307 969 368 homo
993 329 1052 386 per
1073 328 1178 369 mensem

172 401 285 472 utetur,
308 399 450 475 quatinus
471 401 555 457 tauto
578 399 647 474 plus
670 399 706 457 ab
730 399 771 458 eis
793 397 966 459 roboretur.

240 487 353 546 Contra
360 505 515 550 venenum.
535 487 638 547 Pulvis
649 492 908 547 contraveneuum
921 491 954 546 et
963 492 1074 548 contra
1082 488 1177 565 magica

171 573 273 647 verba3
293 580 323 635 et
342 577 500 636 sanitatem
515 581 546 636 et
560 576 769 636 fortitudinem
784 580 874 653 atque
889 579 1128 653 prosperitatem
1146 576 1179 634 illi

143 677 158 720 5
171 665 293 740 confert,
306 667 359 742 qui
371 685 440 725 eum
452 667 531 742 apud
543 685 574 726 se
586 670 696 742 portat.
723 666 834 743 Accipe
845 666 1058 728 sarcennati
1069 667 1179 746 radicem

170 773 261 812 unam
280 773 349 814 cum
365 755 445 814 foliis
460 755 522 814 suis
537 759 568 815 et
582 757 697 814 malvae
712 755 824 814 radices
840 753 915 814 duas
937 774 1012 814 cum
1035 756 1115 815 foliis
1134 755 1179 814 sm

171 845 261 919 atque
280 843 461 921 plantaginis
480 849 594 919 septem
614 845 727 904 radices
748 863 817 903 cum
831 843 914 903 foliis
938 845 1015 916 suis,
1040 849 1073 904 et
1093 845 1178 905 herbas

170 932 243 991 istas
258 951 327 991 cum
341 933 451 992 eisdem
466 934 616 993 radicibus
636 935 698 992 suis
717 935 749 992 in
770 933 867 992 medio
881 952 986 992 mense
1004 935 1108 1011 Aprili
1120 935 1179 993 otiu

169 1022 267 1080 media
287 1021 334 1080 die
353 1023 445 1082 evelle
465 1026 495 1082 et
515 1041 606 1098 super
624 1022 779 1083 humidam
798 1027 910 1082 terram
931 1041 1014 1097 pone
1037 1027 1068 1083 et
1082 1023 1179 1083 modice

131 1121 158 1166 ιο
170 1129 240 1169 cum
251 1131 329 1187 aqua
340 1130 472 1188 asperge,
485 1114 520 1170 ut
531 1112 718 1189 aliquamdiu
726 1112 836 1170 uirides
846 1117 1055 1187 permaneant
1078 1113 1118 1172 nt
1127 1132 1180 1172 auu

170 1199 208 1258 ad
223 1218 376 1275 vesperam
396 1200 457 1259 dies
479 1201 610 1276 inclinat,
633 1201 670 1260 ad
693 1200 881 1278 splendorem
901 1201 976 1260 solis
994 1220 1178 1279 ponensque

169 1289 243 1347 dum
267 1288 312 1348 sol
334 1289 460 1351 deficiat
500 1289 657 1350 Occidente
685 1294 786 1350 autem
812 1290 874 1349 sole
896 1309 946 1348 eas
970 1291 1047 1350 inde
1069 1292 1140 1351 tolle
1157 1293 1179 1348 et

169 1377 291 1436 interim
314 1397 367 1453 per
389 1381 506 1438 noctem
528 1380 613 1438 illam
635 1398 724 1455 super
745 1379 900 1439 humidam
922 1382 1044 1440 terram
1065 1399 1139 1456 pone
1156 1383 1178 1436 et

170 1466 286 1527 modica
309 1486 387 1543 aqua
409 1487 540 1545 asperge,
563 1487 600 1527 ne
623 1469 683 1529 cito
706 1472 847 1531 arescant.
883 1468 925 1526 Ilt
939 1471 1020 1529 tuuc
1043 1471 1073 1529 in
1097 1471 1176 1547 primo

130 1569 156 1612 15
169 1575 254 1614 mane
272 1575 396 1616 aurorae
419 1558 569 1633 sequentis
592 1558 651 1617 diei
674 1578 782 1617 aurora
804 1560 946 1634 surgente
967 1559 1004 1616 in
1020 1559 1120 1636 ipsum
1132 1557 1174 1617 fol·

169 1664 270 1721 goram
296 1665 420 1706 aurorae
442 1665 537 1723 usque
560 1645 599 1705 ad
620 1647 742 1706 tertiam
763 1647 869 1705 horam
891 1646 952 1705 diei
968 1647 1089 1708 iterum
1102 1665 1174 1724 super

168 1732 323 1793 humidam
346 1739 457 1794 terram
479 1735 590 1812 absque
612 1737 778 1812 aspersione
806 1754 901 1812 aquae
929 1754 1012 1811 pone
1037 1733 1175 1814 usquead

169 1822 296 1881 mediam
311 1824 398 1900 diem,
419 1844 487 1884 cum
498 1826 542 1885 sol
554 1825 592 1884 ad
604 1829 741 1885 austrum
751 1825 858 1902 vergit.
881 1824 1001 1885 Deinde
1014 1827 1054 1886 ad
1066 1826 1174 1887 median

170 1911 249 1969 diem
281 1931 329 1971 aas
359 1913 431 1974 tolle
462 1917 492 1973 et
514 1914 552 1973 ad
575 1918 712 1974 austrum
734 1915 766 1973 iu
788 1912 977 1990 splendorem
1004 1917 1076 1976 solis
1098 1931 1174 1991 usquo

129 2011 157 2057 20
170 2001 207 2057 ad
230 2019 337 2058 nonam
359 2003 463 2061 horam
485 2004 617 2063 eiusdem
641 2004 700 2062 diei
728 2023 813 2080 poue,
843 2005 947 2079 postea
978 2023 1032 2064 aas
1059 2006 1128 2065 tolle
1152 2006 1174 2059 at

168 2107 258 2164 super
280 2110 412 2165 pannum
434 2111 510 2169 poue
533 2093 633 2170 ligneo
656 2111 751 2152 assere
773 2093 938 2168 supposito,
965 2092 1016 2153 ita
1044 2114 1081 2154 ue
1109 2091 1173 2153 uisi·

168 2182 279 2254 pentur
301 2183 355 2238 aut
378 2185 577 2253 conterantur,
610 2183 704 2242 etsie
735 2201 784 2241 eas
805 2181 946 2257 permitte
970 2182 1173 2258 laceransque

168 2268 319 2327 modicum
341 2273 409 2328 ante
431 2270 559 2329 mediam
581 2275 707 2332 noctem.
752 2272 792 2330 ut
813 2274 893 2346 tunc,
919 2289 991 2330 cum
1015 2276 1085 2332 rota
1105 2269 1172 2347 aqui·

167 2359 244 2418 louis
266 2361 303 2417 ut
325 2362 392 2417 rota
413 2360 573 2419 molendini
601 2379 632 2418 se
659 2360 831 2420 circumfert
861 2360 893 2418 in
914 2361 1058 2422 tenebras
1090 2377 1171 2421 rerer·

127 2457 155 2502 25
168 2451 239 2519 teus,
263 2448 335 2524 quia
349 2449 464 2507 nullam
483 2449 648 2509 elautatem
663 2448 771 2509 habere
793 2453 892 2525 potest
907 2452 939 2508 et
955 2452 1104 2526 quoniam
1117 2453 1174 2509 tunc

167 2537 269 2596 omnia
290 2537 445 2597 tenebrosa
468 2541 498 2596 et
519 2542 664 2598 nocturna
687 2539 764 2597 mala
786 2538 917 2615 fugitiva
938 2543 1021 2614 suut,
1047 2541 1118 2618 quia
1130 2554 1175 2597 uox

168 2627 204 2684 ad
239 2625 316 2685 diem
350 2630 423 2686 tuno
455 2627 592 2686 inclinari
625 2627 730 2704 debet,
768 2628 881 2687 scilicet
916 2627 1083 2702 paululum
1119 2630 1174 2686 auia

166 2716 294 2774 madiam
316 2722 445 2777 noctem:
469 2717 586 2775 easdem
608 2716 712 2776 herbas
741 2736 818 2792 pone
845 2716 997 2776 inultam
1030 2719 1175 2779 fenestram

168 2813 221 2862 aut
242 2805 363 2880 insuper
384 2806 519 2864 liminare
552 2806 657 2864 ianuae
691 2810 745 2865 aut
768 2807 799 2865 in
822 2806 955 2882 aliquem
987 2806 1123 2882 hortum,
1149 2807 1176 2862 ut

126 2901 155 2945 30
167 2896 364 2968 temperatum
380 2914 477 2953 aerem
492 2895 601 2954 habere
616 2895 738 2970 possint,
758 2899 795 2954 ut
815 2895 852 2954 ab
873 2913 940 2953 aare
955 2897 1046 2974 tangi
1061 2896 1175 2965 valeant,

168 2984 198 3039 et
227 2982 269 3040 sio
299 2982 414 3043 iaceant
445 3003 541 3060 usque
573 2987 642 3060 post
668 2985 812 3059 pusillum
839 2983 952 3043 mediae
974 2987 1088 3052 noctu.
1130 2980 1176 3042 Sed

166 3069 265 3129 media
286 3075 372 3130 nocte
393 3074 454 3132 iam
481 3077 629 3132 mansueta
656 3092 704 3132 eas
738 3074 774 3132 de
807 3074 882 3141 loco,
916 3073 948 3131 in
985 3094 1049 3150 quo
1084 3075 1176 3140 iacent

167 3160 251 3218 aufer
274 3178 307 3218 ao
330 3179 377 3220 eas
399 3161 515 3220 modico
539 3163 636 3239 digito
660 3166 723 3221 tere
745 3167 776 3222 et
798 3163 840 3222 sio
862 3163 894 3220 in
916 3180 1036 3222 novum
1057 3162 1176 3240 pixidem

166 3253 355 3325 pereatque
378 3250 695 3311 modicumbisemum
718 3251 803 3327 adde,
835 3252 878 3310 ita
904 3254 1016 3328 tamem
1049 3272 1087 3312 ne
1115 3251 1177 3311 odor

126 3347 154 3391 35
168 3339 328 3397 herbarum
351 3339 477 3398 istarum
500 3339 535 3397 ab
560 3341 649 3400 odore
672 3341 776 3400 bisemi
799 3342 965 3415 superetur.
1014 3342 1055 3401 Et
1078 3343 1176 3402 disemo

167 3429 223 3487 iste
237 3429 424 3504 aliquamdiu
440 3428 572 3487 continet
595 3449 651 3501 eae,
675 3451 711 3490 ne
735 3431 914 3505 putrescant.
953 3430 1072 3490 Deinde
1096 3429 1174 3508 quili-

166 3516 217 3574 bet
238 3517 327 3577 homo
350 3518 456 3577 herbas
479 3517 551 3576 istas
574 3519 616 3578 sie
639 3523 756 3595 paratas
779 3538 835 3594 pro
857 3519 990 3597 fuganda
1014 3520 1176 3580 infirmitate
