2460 3862
351 141 494 198 CAUSAE
512 143 560 198 ΕΤ
578 141 701 199 CURAF}
718 143 786 199 ma.
806 143 840 198 11.
1039 149 1102 208 125

85 327 129 386 fel
151 331 251 386 tamen
273 326 306 385 iu
327 326 393 387 loco
416 346 471 387 suo
493 326 603 404 absque
626 328 759 387 motione
790 332 903 400 menet3
933 331 965 387 et
994 328 1104 387 idcirco

84 416 169 476 idem
190 415 280 475 homo
302 434 362 476 nou
384 418 538 480 morietur.
582 416 640 476 Sed
662 417 688 476 si
710 417 762 476 isti
781 417 893 477 colores
914 418 945 477 iu
965 417 1104 477 incisione

84 524 230 586 venarum
252 505 344 565 simul
366 509 518 581 apparent,
551 507 752 582 periculosum
785 511 840 580 est,
876 509 906 566 et
939 504 1028 566 homo
1056 507 1105 565 ille

84 614 148 654 non
169 597 269 670 potest
290 594 414 655 evadere
435 598 571 670 mortem,
598 595 656 655 uisi
678 595 750 655 deus
772 595 895 655 suscitet
927 615 1003 672 eum,
1035 597 1105 672 quia

86 688 119 743 et
148 683 287 743 humores
314 686 346 742 et
371 683 546 744 melancolia
568 687 599 744 et
620 685 663 744 fel
685 684 722 742 ad
745 688 871 744 mortem
894 686 1007 760 pariter
1028 686 1132 745 motic

83 776 166 834 aunt.
212 771 245 831 Si
265 776 364 832 autem
380 774 494 834 colores
515 774 567 833 isti
589 774 719 850 separati
732 777 810 849 sunt,
833 774 877 832 ita
891 773 973 849 quod
987 774 1105 833 duobus

83 880 165 921 unus
188 863 269 921 color
289 862 416 922 istorum
438 863 528 934 deest,
562 867 689 923 mortem
712 863 834 923 evadere
858 867 964 939 potest,
998 882 1102 938 quam·

79 952 132 1010 vis
167 951 298 1011 multum
332 950 440 1013 doleat
490 952 530 1011 Et
562 952 634 1011 haec
664 954 710 1011 ost
735 952 982 1029 praescientiam
1006 952 1105 1012 colore

84 1040 240 1117 sauguinis
261 1039 425 1117 homiuum,
449 1041 502 1118 qui
525 1044 580 1100 eut
601 1041 699 1101 sciunt
722 1044 776 1100 cut
797 1042 933 1101 nesciunt
955 1060 986 1101 se
1009 1041 1105 1100 adhuc

86 1130 244 1190 infirmari.
289 1129 330 1190 Et
351 1131 513 1206 exspiratio
535 1130 726 1190 melancoliae
747 1131 871 1191 turbida
897 1134 949 1203 est,
981 1132 1012 1189 et
1041 1131 1106 1206 ipsa
1119 1140 1147 1184 10

88 1220 180 1279 etiam
203 1218 293 1279 habet
313 1220 393 1280 vires
414 1219 502 1295 fellis,
524 1220 569 1279 ite
584 1219 666 1296 quod
680 1238 782 1279 ceroaa
796 1222 856 1292 est3
879 1221 922 1279 sic
936 1222 981 1279 est
994 1220 1104 1279 melan·

88 1307 174 1369 colia.
219 1307 318 1368 Homo
341 1311 450 1384 autem,
480 1308 587 1384 quiin
617 1327 691 1369 vena
721 1309 896 1386 sanguinem
923 1309 1041 1381 minuit,
1074 1327 1105 1367 se

84 1416 141 1475 per
162 1396 298 1456 triduum
320 1417 339 1456 a
360 1398 513 1458 radiorum
531 1398 603 1458 solis
623 1398 758 1458 claritate
779 1400 810 1457 et
833 1399 1002 1458 celeritate
1022 1398 1105 1456 flem-

86 1487 198 1546 mautis
232 1486 310 1564 ignis
344 1488 489 1564 observet,
523 1487 596 1562 quia
625 1487 656 1546 iu
686 1487 743 1546 hoc
770 1487 871 1546 triduo
894 1487 947 1547 illa
969 1487 1105 1547 claritate

84 1576 152 1634 visa
173 1576 295 1652 sanguis
316 1575 349 1634 in
363 1576 481 1636 homine
503 1576 674 1636 concutitur
689 1580 720 1635 et
735 1576 935 1637 contremiscit
951 1581 1041 1652 atque
1056 1576 1104 1635 de·
1118 1588 1146 1631 15

88 1665 204 1725 fectum
227 1664 308 1724 cordi
330 1684 417 1742 saepe
439 1665 539 1726 infert.

154 1756 203 1814 De
227 1755 408 1815 minutioris
435 1755 545 1818 coco.
590 1753 716 1814 Claritas
746 1773 817 1815 vero
850 1755 909 1814 diei
941 1757 1106 1830 temperata

85 1845 131 1902 est
153 1846 183 1900 et
205 1843 315 1919 absque
343 1844 473 1903 multum
499 1844 634 1903 radiante
661 1843 723 1904 sole
746 1844 884 1904 exsistens
906 1835 1030 1903 minuto¹
1046 1862 1105 1903 non

86 1932 182 1992 obest.
227 1931 285 1991 Sed
317 1936 348 1992 et
374 1933 454 1993 omui
483 1936 616 2010 tompore
648 1937 679 1992 et
705 1935 863 2009 praecipue
893 1933 925 1992 in
952 1934 1105 2011 sanguinis

85 2020 252 2091 minutione
274 2021 311 2080 ab
334 2022 439 2082 ardore
462 2023 533 2082 solis
555 2026 585 2081 et
607 2022 644 2082 ab
667 2022 772 2081 ardore
793 2023 872 2099 ignis
895 2023 1024 2100 sanguis,
1053 2022 1106 2098 qui
1119 2032 1147 2079 to

85 2111 167 2169 circa
188 2111 290 2170 oculos
312 2111 441 2171 hominia
462 2115 514 2183 est,
537 2111 635 2171 fervet
656 2113 687 2170 et
708 2111 856 2187 pellicula,
879 2112 992 2172 scilicet
1013 2130 1104 2170 mem·

87 2199 190 2275 brana,
212 2218 288 2275 quae
310 2203 413 2260 oculos
439 2201 584 2275 continet,
616 2201 798 2276 exspissatur
823 2206 854 2260 et
879 2201 922 2260 aio
949 2201 1106 2278 caliginem

85 2288 168 2348 visui
191 2288 316 2349 inducit
361 2289 497 2350 Minutas
524 2293 626 2349 autom
651 2290 795 2366 sangnine
825 2290 857 2349 iu
879 2309 954 2350 vena
976 2289 1106 2349 diversos

86 2376 170 2437 cibos
197 2381 228 2437 et
254 2395 334 2438 assos
360 2381 392 2438 et
418 2397 482 2455 eos,
513 2379 566 2454 qui
593 2379 743 2438 diversum
771 2397 893 2438 succum
920 2376 1041 2453 habent,
1076 2382 1107 2436 ot

86 2466 182 2526 cruda
202 2484 292 2542 poma
323 2471 355 2527 et
385 2468 477 2528 cruda
503 2469 585 2527 olera
611 2487 670 2527 non
697 2467 844 2542 comedat,
877 2466 948 2544 quia
974 2465 1045 2525 haec
1075 2465 1106 2524 iu
1120 2477 1148 2522 25

85 2555 171 2614 venis
193 2555 254 2616 suia
276 2559 350 2616 tuuc
371 2556 497 2617 livorem
519 2557 620 2633 potius
642 2576 734 2632 quam
756 2557 933 2631 sanguinem
955 2557 1106 2632 augerent.

89 2645 129 2705 ut
151 2645 230 2704 forte
253 2645 357 2706 viuum
379 2644 558 2723 nonbibet,
591 2646 732 2722 quoniam
754 2645 928 2722 sauguinem
950 2645 1015 2704 eius
1038 2662 1104 2703 con·

87 2736 204 2794 cateret
226 2738 346 2794 etcum
369 2735 455 2794 facile
485 2737 631 2794 amentem
658 2736 781 2806 faceret3
813 2733 865 2794 sed
893 2736 1107 2810 competentem

87 2824 191 2883 cibum
214 2826 245 2883 et
265 2843 361 2883 unum
383 2824 532 2884 ferculum
555 2827 609 2883 ant
631 2825 692 2884 duc
715 2823 858 2899 comedat,
881 2823 925 2883 ita
948 2823 1029 2900 quod
1051 2823 1108 2883 sibi

88 2913 210 2972 honeste
232 2912 370 2990 sufficiat,
394 2916 424 2974 et
445 2932 536 2974 suave
560 2921 591 2973 et
609 2932 720 2989 purum
743 2913 847 2973 vinum
861 2911 953 2972 bibat.
991 2913 1031 2971 Et
1052 2914 1109 2973 hoc
1121 2923 1149 2968 oo

88 3021 145 3078 per
167 3001 243 3062 duos
265 3002 328 3062 dies
350 3003 453 3078 faciat,
486 3003 558 3078 quia
577 3003 700 3080 sanguis
727 3002 791 3061 eius
819 3005 989 3062 attenuatus
1012 3002 1109 3061 adhuc

85 3091 119 3150 in
151 3091 284 3151 motione
313 3095 366 3156 est
410 3091 446 3150 In
475 3087 566 3151 tertia
596 3110 666 3150 vero
701 3091 749 3150 die
781 3092 901 3170 sanguis
931 3092 1009 3152 vires
1041 3109 1108 3149 snas

86 3179 196 3255 recipit
218 3185 249 3240 et
270 3179 308 3240 ad
327 3181 394 3240 loca
413 3199 467 3240 sua
482 3179 669 3245 diffunditur.
704 3178 828 3240 caseum
850 3183 951 3240 autem
973 3180 1108 3238 minutus

88 3269 216 3345 devitet,
247 3271 390 3346 quoniam
420 3274 493 3329 tunc
523 3269 649 3330 livorem
677 3270 815 3347 sanguini
843 3268 1049 3329 subministrat
1079 3273 1109 3326 et

88 3362 208 3418 rectum
230 3377 264 3418 ac
286 3378 397 3435 purum
420 3359 595 3435 sauguinem
616 3377 677 3418 nou
698 3361 794 3434 parat,
822 3357 873 3417 sed
896 3376 964 3416 cum
987 3355 1108 3414 infirmi·
1121 3366 1149 3412 35

89 3451 153 3506 tate
177 3466 245 3507 eum
268 3448 445 3526 impinguat.
474 3446 560 3507 Nunc
583 3452 692 3519 autem,
718 3447 771 3522 qui
786 3447 918 3506 multum
933 3445 1107 3521 sauguinem

87 3535 180 3596 habet
202 3541 234 3597 et
256 3555 344 3599 venas
367 3537 509 3616 sanguine
531 3538 642 3615 plenas,
665 3538 691 3597 si
712 3536 892 3615 sauguinem
911 3553 977 3594 uou
997 3539 1119 3610 parcat
