2460 3862
132 145 173 204 44
518 138 766 195 HILDEGARDIS

130 323 162 383 in
191 322 311 384 homine
343 323 508 400 firmantur,
540 323 622 400 quod
652 343 708 400 per
739 323 836 400 ipsam
867 324 990 401 sanguis
1020 324 1093 385 fluit
1123 327 1151 385 et

130 414 232 490 guttas
254 412 345 473 habet
368 432 402 473 ac
426 415 525 474 totum
545 432 651 489 corpus
675 417 783 477 movet.
828 411 898 489 Ipsa
920 413 1013 473 etiam
1034 432 1151 475 carnem

130 520 200 561 cnm
230 502 374 580 sangnine
406 503 571 579 perfrmdit,
602 506 639 562 ut
668 503 775 562 durare
807 503 910 579 possit,
941 503 1027 564 velut
1061 505 1150 564 etiam

129 596 239 649 terram
263 593 458 668 conglutinat.
505 592 563 651 Sed
577 592 774 669 frigiditatem
797 611 891 667 aquae
919 591 998 670 ignis
1020 597 1149 670 superat,

102 680 173 738 sita
195 680 277 756 quod
300 681 375 758 fluit,
399 686 429 742 et
451 701 528 758 aqua
551 701 619 742 cum
641 683 711 758 igne
734 684 764 741 et
779 681 947 758 frigiditate
969 701 1025 742 sua
1038 683 1150 743 terram

132 768 175 828 ita
196 769 360 847 perfundit,
383 771 464 848 quod
487 790 541 846 per
565 790 599 830 aa
621 770 766 832 firmatur.
806 770 845 828 Et
860 771 939 848 gelu,
963 770 1044 847 quod
1060 791 1149 849 aquas

129 877 183 933 per
204 860 330 936 glaciem
352 860 481 931 indurat,
505 861 536 918 in
558 860 708 936 lapidibus
723 864 775 935 est,
798 860 877 919 unde
891 860 938 918 illi
953 859 1068 920 molliri
1091 880 1149 922 non

129 951 261 1024 possunt,
285 950 535 1026 quemadmodum
558 951 647 1008 etiam
670 968 736 1009 ossa
758 951 789 1007 in
812 968 900 1009 carne
921 949 1050 1010 hominis
1074 949 1148 1011 dura

129 1040 207 1099 sunt.
253 1037 302 1098 Sic
326 1058 403 1114 aqua
426 1039 456 1096 in
478 1039 620 1116 sanguine
636 1038 764 1098 hominia
779 1038 916 1111 calorem,
938 1038 1148 1114 inspiratione

90 1137 117 1183 10
130 1126 193 1185 eius
216 1146 322 1202 aerem,
344 1129 376 1186 in
399 1125 580 1204 perfectione
603 1129 767 1202 humorem,
798 1128 830 1186 in
854 1127 1034 1204 purgatione
1061 1130 1146 1188 inun-

129 1215 285 1292 dationem,
315 1216 345 1274 in
368 1216 554 1294 vegetatione
576 1217 773 1288 velocitatem,
796 1217 828 1276 in
844 1217 1063 1276 confortatione
1086 1236 1147 1279 suc·

129 1323 205 1380 cum,
233 1306 264 1364 in
287 1305 512 1366 frucfificatione
534 1310 671 1384 gustum,
699 1306 731 1365 in
754 1307 899 1366 erectione
923 1306 1092 1385 viridatem,
1119 1308 1148 1366 in

130 1394 305 1454 fortitudine
321 1394 530 1456 humiditatem
545 1414 579 1454 ac
599 1396 631 1454 in
652 1394 789 1456 omnibus
810 1395 1037 1472 compaginibus
1055 1396 1148 1473 ipsius

129 1482 379 1544 humectationem
401 1485 578 1545 manifestet.
609 1485 700 1543 Terra
716 1504 834 1561 quoque
854 1503 922 1543 cum
946 1487 1061 1560 septem
1076 1487 1147 1547 viri-

88 1571 184 1632 rebus
207 1573 276 1649 suis,
300 1594 375 1650 quae
398 1574 595 1650 praescriptae
619 1574 743 1649 suntin
759 1592 844 1633 carne
867 1592 901 1633 ac
921 1575 953 1633 in
968 1574 1084 1634 ossibus
1099 1576 1147 1635 ho

121 1662 216 1726 ,minis
240 1667 292 1738 est,
316 1666 346 1722 et
369 1682 436 1723 caro
459 1664 519 1722 illis
542 1663 664 1723 humida
686 1667 731 1723 est
753 1665 783 1722 et
805 1663 919 1725 crescit

195 1751 240 1810 De
263 1769 363 1816 carcre.
408 1752 464 1811 Sed
479 1753 557 1812 sicut
572 1756 652 1812 terra
675 1771 742 1811 cum
765 1753 834 1829 igne
856 1754 886 1811 et
909 1770 986 1827 aqua
1000 1753 1147 1828 firmatur,

128 1839 170 1897 sic
211 1858 278 1899 cero
319 1841 446 1900 hominis
482 1861 550 1901 cum
586 1842 667 1902 venis
701 1844 732 1901 et
766 1841 945 1900 humiditate
983 1843 1147 1918 composita

128 1931 180 1988 est.
236 1929 280 1988 De
318 1930 472 2007 geliditate
506 1934 606 1990 autem
641 1931 704 1990 eius
744 1931 914 2006 coagulatio
953 1931 1066 1990 ossium
1107 1932 1147 1992 fit

86 2030 114 2076 20
128 2016 186 2076 Sed
218 2019 296 2095 ignis
326 2020 397 2079 haec
422 2021 519 2080 omnia
541 2024 670 2095 superat,
702 2020 745 2078 ita
767 2020 849 2095 quod
871 2020 1019 2079 fortitudo
1042 2021 1076 2079 in
1098 2020 1147 2081 ho·

128 2107 206 2165 mine
229 2112 282 2170 est.
330 2107 404 2169 Oaro
438 2110 515 2168 enim
545 2109 672 2168 hominis
700 2109 735 2168 de
765 2113 846 2168 terra
874 2111 917 2168 cst
944 2110 974 2168 et
1000 2109 1147 2186 frigidum

127 2195 282 2256 humorem
305 2197 403 2274 habet,
427 2198 477 2258 sed
499 2200 619 2276 sanguis
642 2199 723 2257 illam
748 2198 896 2271 calefacit3
919 2201 950 2256 et
971 2199 996 2257 ai
1020 2199 1055 2258 de
1081 2199 1146 2276 ipso

126 2305 185 2345 non
209 2287 363 2363 calefieret,
387 2289 418 2346 in
439 2289 547 2360 lutum,
571 2291 606 2346 ut
628 2289 712 2362 prius
734 2287 802 2363 fuit,
826 2287 950 2360 rediret3
974 2290 1004 2346 et
1025 2287 1095 2348 ideo
1112 2289 1146 2348 de

127 2375 224 2434 calore
247 2377 399 2454 sanguinis
422 2378 500 2436 sicut
521 2380 601 2436 terra
624 2376 660 2434 de
685 2377 781 2435 calore
804 2377 875 2436 solis
897 2376 1043 2438 firmatur.
1090 2377 1146 2438 Sed

85 2475 113 2520 25
127 2469 225 2524 tamen
249 2466 285 2525 de
307 2467 432 2526 mollitie
455 2485 508 2526 sua
536 2467 697 2544 sanguinea
724 2469 768 2525 est
790 2469 820 2525 et
842 2466 920 2526 vires
943 2468 1040 2525 terrae
1063 2466 1096 2525 in
1118 2485 1148 2527 ee

126 2554 223 2614 habet.
253 2554 327 2614 Nam
344 2557 380 2615 de
395 2557 506 2634 frigida
521 2555 701 2614 humiditate
716 2556 814 2631 sudat,
838 2555 874 2614 de
895 2556 1002 2614 ardore
1023 2559 1146 2632 aestuat,

126 2646 156 2702 et
169 2643 278 2720 absque
292 2646 467 2722 frigiditate,
480 2645 730 2721 quemadmodum
745 2648 830 2716 terra,
844 2645 952 2704 durare
963 2663 1022 2703 nou
1037 2650 1147 2721 posset

194 2735 240 2792 Dc
261 2738 459 2807 generatione.
505 2734 603 2794 Homo
632 2735 709 2792 enim
741 2734 777 2792 de
800 2733 966 2810 frigiditate
990 2736 1021 2792 et
1043 2735 1147 2794 calidi·

127 2824 188 2878 tate
211 2822 354 2883 fecundus
386 2827 431 2883 eet
458 2843 491 2883 ac
519 2843 586 2883 cum
615 2824 719 2882 ceteris
743 2825 886 2882 creaturis
913 2822 1022 2881 laetam
1051 2823 1146 2884 vitam

84 2919 112 2963 so
126 2909 215 2968 habet
245 2915 276 2970 et
308 2912 343 2970 de
366 2931 396 2971 se
419 2913 587 2989 genituram
617 2913 764 2988 producit,
797 2913 868 2988 quia
898 2912 978 2971 calor
1009 2911 1146 2973 viriditas

126 2999 188 3058 eius
212 3018 245 3058 ac
268 3000 416 3078 frigiditas
440 3002 562 3061 ariditas
586 3003 649 3060 eius
672 3005 728 3073 est3
752 3020 854 3076 acper
874 3001 1061 3060 haecomnia
1080 3022 1144 3080 ger·

125 3089 227 3148 minat.
273 3088 348 3148 (lum
372 3095 471 3150 autem
494 3091 608 3150 homini
631 3095 764 3151 senectus
787 3091 950 3166 advenerit,
978 3091 1075 3150 omnis
1098 3111 1145 3151 ex·

125 3177 217 3237 terior
240 3180 318 3239 calor
338 3180 369 3237 in
384 3180 482 3256 ipsum
499 3181 676 3253 revertitur;
700 3181 832 3256 alioquin
847 3180 947 3239 vivere
962 3199 1022 3239 non
1037 3185 1147 3256 posset.

124 3268 163 3327 Et
185 3269 228 3327 ita
251 3286 319 3327 caro
343 3269 405 3328 eius
429 3270 556 3329 exterius
571 3270 706 3346 frigescit
729 3273 759 3329 et
781 3271 844 3345 ipae
865 3269 991 3329 interius
1011 3269 1147 3343 calescit;

84 3358 203 3416 nunde
227 3357 374 3434 quidquid
395 3361 481 3418 vetus
503 3359 593 3419 homo
614 3361 685 3436 agit,
707 3359 739 3417 in
762 3359 818 3419 hoc
841 3360 899 3419 cito
915 3358 1071 3436 fatigatur.
1107 3359 1148 3420 Et

125 3447 262 3506 animalia
300 3448 327 3507 ei
359 3448 527 3523 adhaerent,
561 3468 628 3508 cnm
660 3451 723 3525 ipse
758 3448 818 3508 illia
850 3448 983 3524 pascitur
1015 3451 1046 3507 et
1077 3466 1148 3509 cum

124 3536 213 3595 etiem
235 3537 289 3595 illa
310 3539 414 3616 pascit,
448 3543 478 3599 et
499 3539 542 3598 sio
570 3539 669 3599 omnia
692 3538 763 3614 fert,
799 3557 867 3598 cum
891 3538 986 3597 omnis
1009 3540 1149 3599 creatura
