2460 3862
339 106 481 162 CAUSAE
499 106 545 161 ET
564 105 686 162 OURAE
705 107 772 162 LlB.
792 106 826 161 V.
1025 113 1088 171 235

162 292 249 351 Item.
306 290 363 360 Qui
401 292 502 369 nigros
538 309 591 350 seu
629 291 808 352 turbilentos
848 292 950 351 oculos
988 291 1089 366 habet,

74 384 109 439 ut
141 379 301 456 aliquando
329 379 421 439 nubes
454 383 515 455 est,
542 381 599 440 iste
631 380 760 457 prudens
788 399 823 440 ac
848 381 933 440 bonis
962 381 1090 440 consiliis

73 469 258 529 consentiens
292 473 349 545 est,
383 469 432 529 sed
464 471 564 528 tamen
596 470 633 527 ad
666 489 799 546 quaeque
830 489 919 545 opera
950 488 1004 528 sua
1039 489 1088 528 an·

72 560 233 636 gustiatur.

163 648 209 707 De
231 648 344 708 masis
366 651 394 707 ct
415 647 542 721 crapula
563 649 709 720 ipsorum.
743 646 857 723 Siquis
873 666 971 707 cerasa
991 657 1117 706 come-5

72 736 128 808 dit,
152 736 253 796 statim
276 737 348 795 satis
373 736 408 795 de
428 737 498 796 vino
513 736 605 811 hibat,
628 740 664 795 ut
679 755 784 796 succus
799 756 902 795 earum
918 756 971 813 per
986 737 1091 796 vinum

72 829 240 902 superetur,
263 828 293 885 et
314 825 358 886 ita
381 825 431 884 ille
455 824 491 884 de
514 827 615 885 eodem
639 843 726 885 succo
749 844 808 884 non
830 824 982 904 laeditur]

164 915 317 988 Qmedum
339 915 375 974 dc
398 918 546 988 conceptu.
600 914 757 989 Homines,
790 916 843 990 qui
871 915 1089 991 concipiuntur,

73 1023 142 1063 cum
175 1004 248 1063 luna
281 1004 391 1062 multas
430 1005 585 1063 effusiones
614 1023 759 1080 aquarum
794 1004 825 1062 in
856 1023 886 1062 se
918 1007 1020 1080 portat
1061 1004 1091 1061 in

72 1092 228 1169 imbribus,
252 1113 331 1169 aqua
353 1111 403 1152 eos
425 1093 457 1151 in
480 1093 713 1153 submersionem
736 1092 774 1151 ad
796 1111 827 1152 se
848 1092 976 1153 libenter
989 1093 1089 1152 trahit.
1105 1100 1133 1144 1⁰

71 1182 112 1241 Et
135 1182 188 1258 qui
211 1182 433 1259 concipiuntur,
466 1201 534 1241 cum
566 1182 638 1240 lunc
660 1183 691 1240 in
714 1183 806 1241 nimio
839 1182 943 1242 ardore
974 1182 1093 1242 aestatis

10 1342 12 1351 Ι
73 1274 126 1347 est,
149 1270 217 1330 illos
238 1271 317 1349 ignis
340 1271 379 1329 ad
401 1290 432 1330 se
454 1270 582 1330 libenter
604 1271 698 1330 trahit
725 1273 756 1330 in
786 1272 997 1334 combustione.
1035 1269 1093 1330 Sed

72 1363 193 1420 etcum
216 1359 277 1420 dies
301 1360 482 1419 caniculares
503 1364 581 1433 sunt,
605 1361 658 1435 qui
677 1362 750 1419 tunc
770 1361 987 1437 concipiuntur,
1011 1360 1092 1436 qnod

73 1449 225 1509 mordaces
248 1449 311 1508 dies
334 1453 413 1524 sunt,
440 1449 487 1507 illi
510 1469 528 1507 a
550 1448 652 1509 bestiis
673 1450 802 1508 libenter
825 1450 1015 1512 devorantur.
1052 1450 1092 1508 Et

77 1539 130 1614 qui
151 1539 183 1596 in
205 1539 324 1598 leubror
346 1538 563 1614 concipiuntur,
587 1538 715 1598 libenter
738 1539 774 1598 de
790 1538 946 1599 arboribus
970 1542 1000 1597 et
1024 1538 1090 1596 aliis
1104 1547 1132 1590 15

75 1626 121 1687 his
144 1627 352 1687 altitudinibus
374 1630 477 1689 ruunt.

139 1716 236 1776 Luco
245 1717 359 1790 primo.
386 1715 445 1774 Sed
459 1715 557 1792 homo,
579 1717 632 1792 qui
647 1717 679 1775 in
700 1717 798 1791 prima
820 1717 893 1775 luna
916 1715 1091 1791 concipitur,

75 1805 229 1881 cumipse
251 1805 288 1864 de
314 1806 375 1865 solo
406 1805 594 1881 splendorem
624 1824 712 1865 suum
739 1807 857 1882 recipit,
890 1806 916 1864 si
943 1805 1092 1864 masculus

18 1888 21 1892 ’
77 1896 132 1966 est,
169 1894 313 1971 superbus
346 1898 376 1954 et
408 1894 501 1954 durus
530 1895 588 1954 erit
621 1913 674 1954 nec
700 1896 799 1954 ullum
826 1895 976 1954 hominem
1004 1898 1091 1965 amat,

72 1983 128 2042 nisi
142 1983 238 2056 illum,
262 1985 315 2061 qui
338 1988 406 2043 eum
428 1983 516 2043 timet
539 1987 570 2043 et
592 1983 726 2060 honorat,
750 2003 783 2045 ac
805 1984 938 2044 homines
964 1982 1132 2042 libenteruo

73 2073 217 2132 cerreto
248 2077 278 2131 et
309 2073 479 2147 superbiam
511 2092 615 2132 eorum
637 2075 667 2132 et
689 2075 796 2146 omnia,
825 2093 901 2151 quae
927 2072 1090 2150 possidonl3

72 2161 121 2220 sed
149 2179 237 2220 sanus
263 2162 294 2220 in
318 2179 442 2237 corpore
465 2166 585 2221 estnec
607 2182 729 2240 magnas
752 2163 938 2222 infirmitates
961 2162 1089 2233 habebit,

72 2251 203 2309 sednon
226 2252 356 2310 multum
379 2269 466 2310 senex
488 2251 553 2314 erit.
599 2251 631 2310 Si
653 2271 724 2312 vero
747 2252 856 2311 femina
878 2255 929 2324 est,
952 2251 1091 2310 honorari

73 2357 188 2415 semper
217 2341 332 2417 appetit
362 2343 392 2399 et
422 2340 459 2399 ab
491 2342 636 2400 extraneis
665 2342 733 2416 plus
764 2361 855 2417 qnam
885 2340 1091 2399 adomesticis

72 2445 187 2504 semper
209 2431 326 2489 amatur
348 2433 379 2488 et
401 2430 481 2505 apud
504 2449 535 2489 se
557 2431 653 2506 ipsam
675 2431 768 2505 impia
793 2433 837 2488 est
864 2432 895 2488 et
921 2429 1032 2487 alienos
1061 2431 1131 2487 eru

72 2536 163 2578 novos
191 2518 381 2578 adventantes
412 2519 545 2578 homines
576 2538 690 2595 sempor
723 2526 815 2594 amat,
849 2518 901 2577 sed
933 2518 1010 2577 circa
1037 2517 1088 2577 do·

73 2607 208 2667 mastices
231 2608 310 2665 mala
333 2611 378 2667 est
400 2611 430 2667 et
452 2609 520 2667 illos
542 2608 681 2686 negligit3
704 2612 734 2668 et
748 2609 781 2667 in
797 2626 921 2683 corpore
943 2625 1013 2665 sana
1036 2611 1090 2666 est.

72 2695 129 2755 Sed
151 2697 178 2755 si
199 2696 356 2756 infirmitas
379 2716 444 2755 eam
467 2697 700 2773 apprehenderit,
723 2700 796 2757 tunc
810 2697 897 2757 valde
913 2695 1089 2770 infirmatur,

72 2789 101 2845 et
122 2786 185 2844 fere
206 2804 301 2863 usque
323 2787 362 2845 ad
383 2789 517 2863 mortem,
541 2790 572 2846 et
594 2787 647 2846 diu
668 2805 727 2846 non
749 2787 835 2850 vivit.

137 2875 232 2934 Muza
254 2876 394 2936 emunda.
441 2876 500 2945 Qui
528 2877 560 2934 in
590 2876 718 2937 secunda
747 2878 820 2935 luna
854 2874 1034 2949 concipitur,
1066 2875 1092 2933 si
1105 2885 1133 2930 eo

71 2966 219 3023 masculus
242 2968 295 3041 est,
318 2964 504 3042 vagationem
528 2967 635 3025 mentis
650 2970 681 3025 et
695 2967 726 3023 in
742 2965 887 3043 sapientia
902 2964 1092 3023 latitudinem

72 3054 179 3113 mentis
208 3054 305 3126 habet,
338 3056 369 3113 et
402 3054 520 3113 stabiles
553 3073 650 3114 mores
684 3055 773 3114 habet
802 3058 832 3114 et
854 3054 890 3113 ab
922 3053 1091 3112 hominibus

72 3146 239 3202 reverenter
260 3145 434 3219 honoratur,
466 3143 517 3203 sed
546 3145 578 3202 in
610 3145 716 3204 timore
747 3145 833 3204 facile
864 3146 1030 3203 exterretur
1061 3147 1091 3200 et

73 3249 159 3308 saepe
181 3234 233 3292 sed
256 3233 360 3292 leniter
382 3233 551 3292 infirmatur
567 3237 597 3293 et
618 3234 733 3292 diutius
755 3235 856 3293 vivere
878 3234 977 3309 potest
1000 3249 1090 3307 quam

74 3320 133 3393 ille,
157 3322 263 3398 quiin
290 3323 388 3398 prima
410 3323 483 3381 luna
506 3323 683 3400 concipitur.
728 3322 759 3382 Si
782 3327 882 3382 autem
905 3321 1014 3380 femina
1037 3323 1088 3394 est,
1103 3329 1131 3375 35

74 3411 204 3488 prudens
227 3412 284 3471 erit
307 3414 337 3471 et
359 3413 455 3471 multa
469 3413 626 3489 perquirit,
642 3416 673 3472 et
687 3414 848 3472 arbeiteam
862 3428 958 3470 mores
982 3413 1013 3468 et
1034 3409 1092 3468 sibi

72 3503 103 3559 et
125 3501 191 3561 aliis
214 3501 383 3561 hominibus
415 3502 505 3561 habet
534 3504 565 3561 ot
595 3501 688 3560 amari
718 3502 797 3573 vult,
828 3500 879 3560 sed
910 3499 1002 3557 amari
1032 3518 1092 3557 non
