2460 3862
360 106 504 162 CAUSAE
521 106 569 161 ΕΤ
587 106 708 162 GURAE
727 107 794 162 LIB.
812 105 848 162 V.
1047 112 1109 171 227

90 292 184 351 vicem
212 291 341 367 separati
360 310 419 350 non
441 293 523 364 sunt;
547 295 619 351 tnnc
641 290 729 350 homo
753 291 803 349 ille
826 291 957 350 multum
979 291 1059 350 dolet
1081 293 1112 350 at

89 384 216 439 mortem
244 381 295 440 vir
317 380 430 440 evadet.

160 470 206 529 De
228 470 321 532 matis
343 470 526 533 humoribus.
571 469 611 528 Et
634 468 756 545 quidam
785 468 918 528 homines
950 471 1027 544 sunt,
1059 469 1112 545 qui

94 577 148 617 nec
172 558 304 618 dolorem
328 558 471 618 stomachi
503 577 555 617 nec
585 558 718 617 dolorem
741 558 842 616 lateris
863 559 1028 633 patiuntur,
1061 557 1110 616 sed

95 648 148 722 qui
173 647 248 707 alios
271 649 366 706 malos
388 647 527 706 humores
559 648 589 705 in
617 666 647 705 se
677 646 797 719 habent3
829 646 952 706 hicum
974 647 1140 706 morituris

92 739 172 807 sunt,
196 737 322 796 interius
345 738 495 811 arescunt,
518 737 597 812 quod
621 737 792 812 repentinus
815 740 920 811 stupor
941 737 1112 810 repentinae

91 826 193 901 pestis,
215 825 354 885 videlicet
376 825 497 884 maioris
520 825 740 901 complexionis,
762 826 792 884 in
817 825 859 884 eis
881 825 996 900 arripit,
1016 827 1047 884 11
1068 825 1111 884 id·

92 915 170 973 circo
194 915 225 973 in
248 915 412 989 semetipsis
435 917 579 974 arescunt.
626 915 665 972 Et
687 914 796 972 horum
817 915 904 974 urina
924 917 1040 973 rectum
1063 932 1109 973 co·

89 1004 194 1077 lorem,
225 1023 292 1063 cum
315 1004 347 1062 in
369 1003 481 1062 urinali
511 1004 667 1077 excipitur,
698 1002 795 1073 habat,
825 1003 905 1078 quod
936 1004 1019 1078 prius
1049 1004 1112 1061 sani

91 1092 229 1165 fuerunt3
257 1096 379 1152 etcum
402 1091 504 1152 eadem
527 1093 616 1150 urina
638 1097 775 1167 suscepta
796 1092 896 1168 fuerit,
923 1093 996 1152 item
1022 1092 1153 1150 relin-10

92 1185 206 1257 quatur
227 1183 259 1241 in
281 1182 399 1254 urinali,
432 1199 528 1256 usque
556 1181 626 1239 dum
654 1181 853 1258 infrigidatur.
900 1182 940 1240 Et
969 1183 995 1241 si
1024 1181 1112 1241 homo

89 1271 141 1330 illo
165 1272 331 1330 moriturus
354 1274 406 1342 est,
429 1271 494 1346 ipsa
516 1270 611 1340 urina,
634 1289 703 1329 cum
725 1271 899 1347 infrigidata
921 1271 1020 1346 1111111,
1044 1288 1113 1329 mox

89 1361 235 1436 pallescit,
259 1360 400 1437 quoniam
422 1360 503 1418 idem
524 1361 613 1419 homo
641 1379 695 1435 per
722 1360 890 1419 ariditatem
913 1360 1038 1419 interius
1059 1359 1111 1418 fri·

90 1449 179 1526 gidus
205 1452 257 1525 est,
281 1453 312 1509 11
334 1451 412 1509 circa
434 1448 520 1507 finem
544 1468 621 1524 pura
641 1452 693 1523 est,
718 1450 856 1525 quoniam
871 1448 940 1508 tabe
953 1449 989 1507 ab
1005 1448 1109 1508 humo-

92 1537 177 1597 ribus
194 1540 225 1598 ot
241 1559 258 1596 a
272 1539 416 1616 sanguine
431 1540 592 1612 separatur,
616 1540 647 1596 at
661 1539 799 1613 superius
814 1539 881 1613 orit,
895 1539 980 1597 velut
994 1539 1111 1597 modico
1126 1545 1153 1592 1⁵

87 1628 216 1702 pulvere
240 1646 357 1702 aspersa
379 1628 427 1697 sit,
460 1628 541 1701 quod
564 1626 703 1686 humores
726 1626 853 1686 hominis
877 1627 1011 1687 exterriti
1033 1631 1111 1703 sunt,

90 1721 121 1776 et
139 1718 225 1776 velut
248 1717 402 1792 pulverem
425 1716 461 1774 de
485 1735 515 1774 se
531 1717 681 1786 emittunt
706 1735 773 1775 cum
789 1716 827 1774 ad
841 1719 971 1775 mortem
985 1735 1016 1775 se
1030 1736 1110 1792 prae
1148 1779 1151 1785 ,

90 1808 206 1881 parant,
230 1804 481 1882 quemadmodum
512 1806 611 1880 pulvis
641 1805 833 1882 dispergitur,
867 1824 933 1863 cum
963 1807 1112 1883 tangitur3
1193 1826 1198 1835 ·

92 1897 122 1953 et
161 1894 217 1954 hoc
251 1896 371 1971 signum
405 1894 510 1953 mortis
546 1898 598 1954 est.
645 1894 731 1964 Quod
763 1895 788 1954 si
819 1895 919 1954 eadem
943 1895 1031 1953 urina
1052 1915 1111 1954 non

88 1984 226 2058 pallescit
249 1987 280 2042 ot
302 1985 380 2043 circa
402 1984 491 2041 finem
513 2003 590 2059 pura
612 2002 670 2043 non
694 1987 746 2058 est,
770 1988 801 2043 et
821 1985 847 2044 si
871 1972 961 2043 otiam
975 1985 1112 2060 superius
1125 1992 1153 2038 ao

89 2092 149 2132 non
172 2074 237 2148 erit,
261 2074 348 2132 velut
363 2072 479 2132 modico
499 2073 621 2148 pulvere
639 2091 758 2148 aspersa
771 2074 818 2149 sit,
841 2074 965 2133 sednon
980 2074 1112 2149 aequalis

88 2165 141 2222 est:
167 2162 249 2222 rivet
272 2165 303 2221 11
325 2162 513 2236 convalescet,
544 2159 805 2240 (quemadmodum
833 2162 958 2240 grandes
987 2165 1111 2237 tempes-

88 2255 163 2310 tates
191 2270 251 2310 non
278 2251 363 2323 fiunt,
393 2270 462 2310 cum
490 2252 627 2326 aequales
654 2250 747 2310 nubes
779 2253 810 2309 in
837 2252 916 2310 caelo
950 2251 1112 2325 aequaliter

87 2339 253 2418 apparant)
271 2340 413 2416 quoniam
435 2339 505 2399 tabo
529 2342 560 2398 et
582 2341 702 2416 sanguis
724 2343 755 2398 et
777 2340 866 2398 ceteri
888 2339 1035 2415 humoreS,
1059 2341 1111 2415 qui

86 2429 117 2488 in
144 2429 249 2488 eodem
270 2429 389 2489 homine
404 2432 481 2496 sunt,
506 2429 542 2486 ad
568 2431 695 2488 mortem
716 2430 847 2487 nondum
868 2429 905 2487 ab
928 2428 1151 2488 1111111111-15

88 2523 241 2594 parantur,
286 2518 327 2576 Et
357 2518 383 2576 si
413 2517 514 2576 eadem
544 2518 632 2576 urina
663 2518 850 2593 aliquantum
883 2516 975 2575 rubea
1006 2520 1051 2576 est
1082 2520 1112 2577 et

88 2609 167 2667 circa
198 2607 287 2666 tinem
320 2625 397 2683 pura
428 2625 461 2665 ac
493 2607 630 2681 superius
661 2607 691 2664 in
722 2607 820 2665 medio
843 2607 927 2666 velut
948 2606 1112 2682 pretiosum

86 2697 205 2767 vinum,
226 2697 309 2776 quod
336 2696 421 2772 quasi
440 2695 591 2754 modicum
615 2695 768 2772 sagiminis
791 2696 927 2770 superius
951 2699 1053 2754 natare
1080 2697 1112 2754 in

87 2804 117 2844 se
142 2784 280 2860 ostendit,
303 2785 409 2861 procul
432 2784 523 2843 dubio
547 2784 635 2844 homo
658 2785 709 2844 ille
731 2785 865 2843 multum
887 2785 968 2843 dolet
990 2788 1111 2844 1111111-

86 2877 149 2934 tem
161 2874 212 2933 vix
224 2873 336 2936 evadet.
363 2873 437 2932 Nam
455 2875 486 2931 in
502 2873 673 2932 infirmitate
690 2874 744 2932 hac
759 2873 851 2933 rubea
866 2874 954 2932 urina
969 2875 1107 2946 ostendit,
1121 2884 1150 2930 ao

86 2962 170 3039 quod
204 2964 314 3023 sanitas
347 2962 480 3021 eiusdem
514 2962 643 3021 hominis
677 2962 805 3022 finienda
839 2982 898 3021 non
933 2966 991 3039 est,
1032 2963 1112 3041 quod

85 3052 190 3112 eadem
206 3053 317 3112 sanitas
332 3051 536 3110 infirmitatem
552 3052 683 3112 eiusdem
698 3052 825 3111 hominis
842 3053 939 3112 calore
951 3055 1112 3128 pertransit

84 3145 117 3201 et
151 3141 325 3201 incalescere
360 3141 477 3216 incipit3
510 3144 541 3199 et
569 3142 612 3199 ita
643 3142 731 3199 urina
759 3141 831 3200 haec
857 3140 950 3201 rubea
973 3141 1111 3204 efficitur.

83 3230 148 3290 Sed
169 3231 250 3307 quod
274 3231 353 3291 circa
375 3231 463 3288 finem
486 3249 564 3305 pura
587 3232 638 3305 est,
661 3231 760 3289 tabam
783 3231 818 3289 ab
841 3230 1016 3290 humoribus
1039 3233 1070 3289 11
1094 3250 1112 3289 1

85 3320 234 3396 sanguine
249 3320 382 3396 separari
397 3319 588 3394 demonstrat,
604 3322 635 3378 11
649 3320 730 3395 quod
746 3320 884 3395 superius
899 3319 984 3379 velut
998 3320 1110 3380 bonum
1124 3330 1151 3376 11

85 3413 194 3470 vinum
217 3408 250 3468 in
271 3408 370 3468 medio
394 3409 551 3468 inunctum
578 3413 630 3480 est,
665 3408 750 3485 quasi
780 3409 932 3468 modicum
960 3409 1111 3484 sagiminis

88 3501 281 3575 supernatet,
312 3498 448 3557 dolorem
482 3498 586 3558 iecoris
617 3498 748 3573 indicat,
778 3496 861 3574 quod
890 3497 928 3556 da
962 3499 1120 3572 superfixus

968 3597 1029 3648 Va*
