2460 3862
346 134 486 191 CAUSAE
505 133 551 189 ET
570 134 692 190 CURAE
711 134 777 190 LIB.
796 135 845 189 IV.
1046 141 1109 199 215

51 322 203 381 minem
217 320 365 392 invaserit,
381 319 438 379 hoc
452 319 618 378 remedium
632 320 731 397 faciat,
755 323 791 378 ut
806 320 910 378 deinde
925 320 1112 396 aliquantum

50 401 187 470 lenius
210 409 317 469 habeat
339 412 369 468 et
391 412 428 468 ut
449 409 635 484 aliquantum
658 429 755 486 usque
778 409 816 468 ad
837 409 976 468 sudorem
991 410 1111 468 suavius

51 494 200 560 doleat.
250 498 388 575 Accipiat
419 517 490 575 ergo
523 498 673 558 modicum
701 499 737 558 de
760 499 836 558 sicco
859 499 940 575 ligno
963 500 1060 558 obora
1082 502 1113 558 et

48 578 136 649 bis
158 592 280 648 tantum
303 588 339 647 de
362 588 438 647 sicca
460 588 547 646 salice
571 592 602 647 et
620 607 678 647 non
696 588 795 665 viridi,
819 590 909 664 atque
924 587 955 645 in
971 588 1110 665 frigidam

55 689 203 756 aquam
239 677 325 754 quasi
356 677 489 753 scalpens
520 678 671 737 modicum
694 678 731 736 de
753 676 800 736 bis
823 675 947 735 abradat
970 680 1000 735 et
1023 678 1140 735 etiams

48 760 212 827 tansum
235 765 422 843 agrimoniae,
445 768 482 824 ut
503 766 600 826 salicis
624 770 676 841 ost,
700 767 825 842 accipiat
848 768 879 823 et
901 766 997 824 eidem
1019 785 1113 842 aquae

48 847 227 934 imponat
249 858 279 914 et
302 874 367 914 earn
389 856 445 914 hoa
466 853 554 913 modo
579 856 742 914 confectam
765 856 937 931 frequenter
960 854 1051 930 bibat,
1083 858 1112 913 et

51 934 188 1005 lenius
212 943 332 1007 dolebit.
369 943 445 1002 Nam
468 945 544 1003 sicca
566 946 663 1003 obora
686 947 717 1003 et
739 945 815 1004 sicca
836 944 910 1002 salix
934 963 994 1003 esse
1017 944 1111 1020 debet,

57 1045 128 1094 ne
150 1052 252 1094 reeens
275 1052 381 1093 succus
405 1033 565 1093 eorundem
588 1034 741 1110 lignorum
756 1033 904 1092 dolentem
924 1034 993 1109 plus
1015 1032 1113 1092 laedat

60 1136 184 1199 qnam
215 1122 380 1182 remedium
410 1122 521 1193 afferat,
554 1126 584 1182 et
612 1123 717 1182 lenitas
745 1123 826 1182 succi
848 1123 943 1182 oborn
967 1123 1110 1181 amaritu-
1126 1135 1153 1178 ro

62 1205 192 1272 dinem
215 1211 295 1272 succi
317 1212 413 1271 salicis
439 1214 595 1286 temperat.
640 1211 748 1288 Itaque
780 1212 929 1289 frigiditas
960 1212 1112 1289 lignorum

64 1295 222 1362 istorum
244 1301 355 1360 iniusto
379 1301 469 1360 calori
492 1304 596 1361 acutae
619 1301 711 1360 febris
734 1301 790 1360 hoo
811 1301 900 1359 modo
932 1302 1051 1376 resistit,
1082 1305 1113 1360 et

68 1391 194 1451 suavis
230 1390 310 1450 calor
343 1391 523 1466 agrimoniae
557 1389 683 1450 eundem
719 1391 846 1449 calorem
881 1394 984 1449 acutae
1023 1389 1112 1449 febris

66 1481 211 1551 retinet,
234 1499 271 1538 ne
293 1482 511 1556 augmentetur,
536 1484 566 1539 et
594 1479 704 1538 hocin
734 1479 846 1556 frigida
876 1499 954 1555 aqua
984 1480 1050 1550 erit,
1083 1483 1112 1539 et

70 1581 151 1630 non
175 1569 207 1628 in
230 1569 370 1629 calefacta
398 1587 451 1628 neo
477 1570 509 1627 in
531 1570 610 1643 vino,
640 1588 676 1627 ne
704 1573 757 1627 aut
786 1568 927 1628 calefacta
954 1588 1032 1644 aqua
1059 1572 1152 1628 aut1⁵

71 1660 189 1718 calore
220 1657 283 1718 vini
305 1659 384 1716 calor
407 1662 512 1717 acutae
534 1658 625 1716 febris
648 1658 679 1716 in
701 1658 834 1716 furorem
856 1661 1000 1717 vertatur.
1046 1658 1113 1717 Hoc

78 1751 196 1807 antem
228 1747 392 1806 remedium
423 1748 501 1806 idern
534 1747 623 1807 homo
653 1747 743 1806 faciet
766 1747 902 1822 aprima
925 1747 997 1806 hora
1020 1767 1112 1806 seua

75 1837 193 1910 prima
216 1837 264 1895 die
286 1836 457 1895 accessionis
480 1836 571 1895 febris
586 1836 676 1895 huius
699 1855 794 1912 usque
809 1836 847 1894 ad
862 1837 1001 1895 sudorem
1016 1855 1112 1898 suum.

80 1924 183 1996 Quod
206 1925 232 1984 si
249 1926 415 1985 remedium
437 1926 527 2002 istud,
551 1944 647 2001 usque
670 1926 743 1983 dum
765 1925 856 1985 febris
878 1926 950 1985 haec
973 1927 1113 1987 roborata

80 2014 195 2090 fuerit,
218 2014 371 2074 distulerit
392 2015 440 2074 vel
462 2033 554 2091 prope
574 2015 663 2073 finem
683 2015 755 2087 eius,
779 2014 892 2074 scilicet
915 2017 952 2074 ad
976 2016 1153 2092 quintanae

80 2105 141 2164 vel
164 2103 203 2163 ad
225 2107 337 2164 sextam
361 2103 447 2176 diem,
471 2123 539 2164 cum
554 2105 613 2162 iam
629 2104 708 2162 idem
724 2105 813 2163 homo
829 2107 882 2162 aut
898 2106 957 2163 cito
974 2105 1112 2164 sudorem

84 2193 131 2252 ad
154 2193 310 2253 sanitatem
330 2193 447 2252 emittet
462 2196 515 2252 aut
530 2193 589 2252 cito
604 2194 699 2252 vitam
713 2193 829 2269 perdet:
852 2196 924 2253 tunc
943 2194 1112 2269 praedictus

85 2284 185 2358 potus
209 2282 246 2341 ad
268 2283 433 2341 remedium
455 2301 515 2341 non
535 2281 666 2341 multum
686 2283 833 2358 proderit,
858 2283 997 2358 quoniam
1024 2301 1112 2358 aeger

89 2369 146 2430 ille
168 2372 224 2430 aut
247 2371 335 2430 citius
357 2372 514 2431 sanitatem
537 2371 661 2447 recipiet
684 2373 737 2431 aut
759 2375 885 2430 mortem
908 2370 1029 2432 subibit.

161 2461 209 2519 Dc
231 2457 394 2521 cotidiana.
445 2453 534 2543 ¹)Qui
557 2460 735 2519 cotidianam
758 2461 868 2519 febrem
892 2461 1020 2535 patitur,
1048 2461 1151 2518 costa

94 2549 222 2625 accipiat
245 2553 276 2608 et
296 2551 462 2627 gamforam
485 2552 515 2608 et
538 2549 687 2608 dornellae
702 2549 771 2625 plus
786 2568 877 2624 quam
892 2550 1017 2608 istorum
1037 2549 1108 2607 duo·

89 2654 163 2697 rum
185 2639 233 2713 sit,
256 2642 287 2698 et
308 2637 380 2699 haec
400 2639 566 2714 pulverizet
588 2642 677 2714 atque
699 2640 852 2713 pulverem
875 2639 967 2697 istum
994 2640 1025 2697 in
1046 2637 1112 2713 ipsa

95 2727 259 2787 comesione
289 2727 379 2787 febris
411 2727 505 2786 calido
537 2727 606 2786 vino
637 2728 782 2787 immittat
813 2731 843 2786 et
866 2728 907 2785 sia
929 2727 1005 2785 illud
1028 2727 1112 2786 bibat

93 2822 185 2893 atque
207 2816 240 2873 in
262 2817 372 2876 lectum
396 2835 426 2876 se
449 2816 574 2876 collocat
596 2820 627 2876 et
650 2817 786 2877 dormiat.
832 2815 918 2875 Calor
948 2817 1025 2875 enim
1048 2818 1113 2876 dost

94 2908 125 2964 et
147 2905 299 2982 gamforae
322 2924 390 2965 cum
413 2905 579 2982 frigiditate
602 2905 752 2965 dornellae
776 2906 933 2982 temperati
957 2908 987 2965 et
1001 2906 1033 2965 in
1047 2906 1112 2982 ipsa
1125 2911 1152 2956 3⁰

10 3024 12 3059 z
95 2993 258 3054 accessione
281 2993 371 3054 febris
393 2995 491 3070 huius,
515 2995 656 3071 quatinus
679 2998 763 3053 tanto
784 2995 873 3054 citius
894 2995 1021 3068 sedetur,
1044 3014 1112 3055 oum

10 3116 12 3149 ᾗ
95 3082 190 3143 calido
213 3083 284 3145 vino
306 3085 420 3161 sumpti
441 3085 624 3159 praedictam
647 3085 761 3143 febrem
782 3084 898 3162 fugant.

160 3173 211 3232 Ad
233 3174 401 3236 mianum.
441 3165 582 3252 ²)Homo,
606 3192 694 3248 quem
718 3173 808 3232 febris
831 3173 957 3232 secunda
979 3172 1026 3231 die
1042 3173 1109 3232 fati·

95 3264 159 3338 gat,
198 3262 386 3321 millefolium
418 3263 542 3339 accipiat
580 3266 654 3334 (aa)
684 3261 730 3321 bis
762 3265 879 3321 tantum
907 3262 1051 3339 polipodii
1081 3265 1111 3320 et

167 3471 189 3544 1)
212 3490 240 3527 v.
258 3471 364 3526 as=aa
387 3491 418 3521 =
441 3470 538 3541 usgue
563 3471 632 3525 1175
654 3471 688 3524 A.
711 3500 746 3510 -
770 3470 793 3539 2)
815 3486 841 3523 v.
860 3469 958 3539 aa-p.
980 3468 1053 3534 noa
1078 3490 1108 3516 .-.

98 3542 194 3616 urguo
214 3544 283 3598 nas
302 3541 335 3598 n.
