2460 3862
334 128 476 184 CAUSAE
494 128 540 184 ET
560 127 681 184 CURAE
700 127 767 183 LIB.
786 127 833 182 lV.
1032 135 1094 194 207

63 317 180 373 autem
209 314 265 373 hoc
293 317 322 372 et
348 331 464 390 ungues
491 313 541 371 isti
573 313 698 370 feminae
733 330 794 371 esse
827 311 940 387 debent,
975 315 1005 372 et
1037 333 1097 372 non

54 404 182 478 1naris,
214 407 337 479 propter
359 402 596 461 taciturnitatem
619 403 690 477 eius,
714 403 855 477 quoniam
877 403 988 461 femina
1002 404 1097 480 magis

62 512 170 570 quarn
194 493 342 551 masculus
365 492 441 566 silet,
472 492 550 551 sieut
578 495 608 550 et
630 492 753 551 morbus
776 493 831 551 iste
853 491 921 551 silet
942 510 1037 568 usque
1061 493 1098 551 ad

52 577 183 642 liorem
205 582 298 656 illam,
328 601 387 657 qua
418 581 567 639 hominem
591 580 703 641 deiecit.
748 581 788 640 Et
819 581 908 640 simul
940 582 1098 642 commixta

52 669 107 730 in
131 673 240 743 locum,
264 671 317 730 ubi
339 671 423 746 talpa
444 670 530 742 fodit,
552 670 687 745 ponenda
702 672 781 745 sunt,
805 669 885 746 quod
902 669 1002 729 eadem
1017 675 1124 732 terras

52 761 177 820 sanior
200 779 290 836 quam
313 760 371 818 alia
394 763 447 832 est,
476 762 616 835 quatinus
643 759 686 818 ibi
714 778 835 818 succum
863 762 892 818 et
915 759 1098 819 viriditatem

55 866 163 910 Suam
187 869 256 908 cum
278 867 364 908 succo
388 852 418 908 et
440 849 593 909 viriditate
615 853 712 908 terrae
735 849 889 924 accipiant,
913 849 1098 924 quodetiam

58 940 163 1015 Jorius
199 957 285 998 succo
320 943 417 998 terrae
451 939 571 1014 perfusa
605 940 683 1013 sunt,
719 940 749 996 et
783 937 888 997 deinde
922 938 1011 996 etiam
1045 958 1098 1014 per

58 1028 204 1105 glaciem
233 1027 487 1104 constringuntur,
518 1031 555 1087 ut
588 1027 723 1101 foeditas,
761 1046 837 1103 quae
868 1026 899 1085 in
930 1046 964 1086 eo
1002 1031 1097 1102 (est),

57 1117 301 1192 comprimatur.
332 1116 376 1177 Ao
400 1117 490 1176 etiam
512 1116 550 1175 ad
565 1117 658 1176 solem
673 1117 907 1192 exsiccabuntur,
932 1120 968 1175 ut
982 1117 1008 1175 si
1024 1117 1137 1193 quidm

55 1207 230 1266 *foeditatis
252 1208 284 1264 in
306 1207 347 1265 eis
362 1206 511 1280 remansit,
535 1225 589 1281 per
603 1205 741 1264 ardorem
755 1205 825 1265 solis
841 1207 1003 1266 auferatur.
1040 1205 1097 1264 Sed

63 1301 105 1355 et
128 1296 226 1355 iecora
248 1299 309 1354 tam
333 1296 507 1355 animalium
531 1314 620 1371 quarn
642 1295 800 1354 voluerum
823 1314 890 1355 cum
910 1295 1006 1354 simila
1021 1313 1096 1353 eom·

63 1384 289 1459 miscebuntur,
318 1384 458 1461 quoniam
485 1385 583 1444 iecora
604 1385 681 1444 sicca
702 1389 773 1444 sunt
794 1387 824 1443 et
846 1385 990 1444 virtutem
1013 1403 1097 1443 suam

68 1475 111 1534 de
134 1476 217 1533 terra
239 1474 350 1534 habent
373 1477 403 1533 et
426 1474 515 1532 etiam
538 1474 649 1535 livores
672 1473 709 1532 ad
733 1493 763 1532 se
789 1472 928 1549 trahunt,
956 1474 1096 1550 quatinus

67 1564 130 1622 illa
152 1582 220 1623 cum
244 1564 340 1623 calore
356 1568 386 1623 et
401 1562 577 1622 fortitudine
593 1563 707 1622 similae
721 1581 829 1638 pravos
843 1563 983 1622 humores
998 1564 1095 1622 morbi
1110 1578 1137 1623 15

68 1651 166 1712 buius
182 1652 347 1727 extrahant,
364 1653 472 1712 cimino
488 1652 599 1728 addito,
621 1652 701 1728 quod
717 1651 885 1728 frigiditate
900 1671 955 1710 sua
969 1652 1095 1712 iniustos

77 1741 198 1801 ardores
231 1743 329 1802 morbi
357 1742 448 1800 huius
480 1742 648 1816 compescit.
702 1741 760 1812 Qui
794 1744 895 1801 autem
928 1742 1096 1818 praefatum

78 1831 218 1891 morbum
229 1831 353 1907 patitur,
365 1850 417 1907 per
429 1831 561 1906 quinque
573 1831 634 1890 dies
645 1831 792 1906 praefatos
803 1832 939 1890 tortellos
955 1831 1096 1906 comedat,

78 1923 108 1979 et
124 1921 149 1979 si
165 1920 296 1980 nondum
312 1920 503 1995 convaluerit,
526 1938 581 1996 per
603 1921 675 1979 alios
699 1921 832 1997 quinque
848 1921 910 1980 dies
926 1921 968 1979 eis
982 1923 1096 1981 utatur.

76 2009 117 2069 at
143 2009 170 2069 si
196 2010 329 2068 nondum
356 2010 499 2085 proderit,
528 2010 601 2067 item
624 2029 677 2084 per
700 2010 774 2069 alios
798 2011 930 2086 quinque
958 2009 1019 2068 dies
1046 2028 1096 2069 eos
1109 2022 1137 2068 20

82 2098 228 2169 comedat,
252 2103 281 2158 et
304 2099 347 2158 ite
368 2099 477 2174 septies
501 2098 604 2157 eodem
626 2118 749 2158 numero
774 2100 906 2176 quinque
921 2098 983 2158 dies
998 2099 1097 2158 faciat.

79 2185 190 2246 Panem
214 2190 312 2247 autem
336 2190 366 2247 et
389 2205 489 2247 carnes
516 2188 605 2246 etiam
632 2188 754 2247 interim
781 2189 915 2248 comedat
938 2189 1096 2264 camapio

81 2280 110 2335 et
141 2277 325 2352 petrosolino
357 2281 467 2352 coctas,
504 2278 644 2352 quoniam
675 2295 774 2337 earnes
803 2278 876 2337 istae
907 2277 1096 2353 aliquantum

78 2366 170 2426 siccae
192 2369 262 2425 sunt
283 2385 336 2425 nec
359 2367 451 2425 malos
475 2366 583 2426 livores
605 2367 637 2424 in
661 2385 691 2425 se
706 2366 824 2441 habent,
848 2370 878 2425 et
892 2365 981 2424 etiam
997 2369 1096 2425 suavis

79 2453 227 2532 frigiditas
251 2455 311 2531 apii
334 2459 364 2514 et
386 2455 560 2532 petroselini
584 2455 684 2514 sordes
707 2457 737 2514 et
752 2455 848 2514 febres
864 2455 1009 2513 stomachi
1023 2474 1094 2530 pur·
1108 2467 1135 2513 25

79 2547 159 2621 gant,
182 2563 258 2620 quae
281 2545 371 2603 etiam
385 2544 523 2604 morbum
538 2545 630 2603 istum
645 2545 805 2621 aliquando
821 2544 974 2608 suscitant.
1010 2544 1095 2614 Quod

77 2635 100 2690 si
122 2633 244 2692 bovinas
268 2651 369 2692 carnes
392 2635 478 2693 edere
500 2634 638 2708 voluerit,
669 2636 799 2693 recentes
827 2636 933 2707 sumat,
966 2637 996 2692 et
1018 2634 1043 2692 si
1065 2635 1095 2691 in

78 2724 187 2781 aestate
210 2725 263 2797 est,
287 2741 335 2782 eas
357 2742 410 2798 per
425 2723 504 2782 diem
525 2722 556 2782 in
579 2742 688 2799 aquam
710 2730 811 2799 ponat,
834 2723 882 2781 vel
905 2723 929 2781 si
952 2723 982 2780 in
998 2722 1094 2782 hieme

76 2813 126 2883 est,
155 2831 209 2888 per
235 2814 361 2882 noctem,
397 2813 537 2889 quoniam
571 2831 649 2888 aqua
680 2817 779 2872 totum
810 2812 943 2883 livorem,
979 2812 1031 2888 qui
1065 2813 1095 2870 in

77 2901 178 2960 eadem
211 2918 297 2960 carne
325 2904 377 2973 est,
410 2902 516 2972 aufert,
549 2904 580 2960 et
610 2905 714 2977 postea
741 2903 838 2960 coctas
869 2901 1013 2962 comedat.
1058 2902 1136 2960 Etao

78 2990 166 3048 etiam
190 2990 312 3066 agninas
336 3009 436 3050 carnes
459 2991 544 3049 edere
567 2992 672 3066 potest,
695 2990 746 3050 sed
769 3009 882 3049 necesse
904 3010 963 3049 non
987 2994 1039 3061 est,
1061 2994 1097 3050 ut

77 3096 124 3138 eas
146 3079 178 3137 in
203 3097 312 3155 aquam
334 3083 433 3155 ponat,
457 3084 493 3139 ut
513 3080 634 3138 bovinas
650 3099 758 3151 carnes
783 3080 863 3156 quod
879 3085 977 3138 tamen
993 3098 1096 3139 suaves

78 3171 154 3231 sunt.
200 3168 338 3227 Porcinas
371 3188 440 3228 vero
468 3187 568 3227 carnes
595 3169 715 3227 interim
746 3187 805 3227 non
838 3170 983 3244 comedat,
1016 3167 1096 3244 qnod

77 3259 199 3317 naturae
215 3257 306 3317 buius
321 3261 399 3328 sunt,
420 3258 500 3333 quod
515 3258 670 3317 libidinem
686 3258 773 3316 facile
788 3259 819 3316 in
834 3258 952 3317 homine
968 3258 1096 3316 excitant

77 3348 105 3403 et
128 3346 209 3423 quod
232 3347 347 3423 lepram
369 3354 459 3423 atque
483 3347 626 3406 caducum
649 3347 788 3405 morbum
810 3350 840 3406 et
867 3365 1004 3420 vermem,
1039 3347 1092 3421 qui
1105 3356 1132 3400 35

77 3431 224 3494 hominem
241 3436 271 3494 in
288 3455 373 3494 carne
388 3436 476 3509 rodit,
490 3438 645 3508 nutriunt;
669 3436 832 3513 anguillam
848 3454 966 3511 quoque
983 3434 1094 3494 devitet

78 3526 106 3582 et
126 3524 260 3606 reliquos
282 3526 383 3601 pisces,
417 3525 470 3601 qui
501 3544 639 3602 squamas
667 3545 724 3585 non
747 3525 866 3601 habent,
899 3523 1043 3600 quoniam
1062 3524 1098 3580 in
