2438 3854
329 126 472 192 CAUSAE
489 127 537 184 ΕΤ
554 127 677 184 οΠΒΔΕ
694 127 762 185 LlB.
780 128 829 184 IV.
1033 133 1095 194 189

77 311 169 384 Quod
191 312 217 372 si
233 313 361 373 calorem
376 312 448 373 solis
463 332 522 373 non
536 312 685 389 habuerit,
695 313 726 372 in
742 312 838 373 lenem
852 315 975 373 ventum
990 316 1043 372 aut
1058 313 1096 372 ad

76 403 174 463 lenam
187 420 291 462 auram
302 405 401 479 ponat,
413 405 450 462 ut
459 403 592 463 suaviter
603 402 774 466 exsiccetur.
796 400 870 462 Nam
880 403 962 462 calor
970 403 1095 479 agrimo-

74 493 146 551 niae
161 494 191 550 et
206 492 286 552 calor
301 492 446 570 galangae
460 496 491 552 et
506 491 604 552 virtus
618 491 741 552 storacis
761 495 792 550 et
806 492 888 551 calor
902 491 1050 568 polipodii
1062 510 1096 551 ac

74 583 160 642 calor
173 581 336 641 celidoniae
357 581 479 641 maioris
502 580 628 658 frigidos
643 581 790 656 humores,
813 581 850 640 de
865 580 973 658 quibus
988 581 1096 658 flegma

74 671 108 730 in
123 670 242 730 homine
263 670 403 742 nascitur,
425 675 557 748 superat,
579 673 609 730 et
630 670 780 747 frigiditas
802 670 963 748 fenigraeci
986 689 1019 730 ae
1041 669 1122 728 fri-s

74 759 187 836 giditaa
207 760 438 821 commocio
464 760 561 838 frigas
588 760 748 819 eorundem
774 758 936 819 humomm
964 758 1096 835 dissipat.

74 847 134 908 Sed
157 851 188 908 et
210 847 354 911 celidonis
375 849 471 929 maior
493 849 634 909 humores
656 849 688 907 in
709 848 828 909 homine
850 848 995 908 inundare
1015 848 1095 922 facit,

76 941 192 997 ceterae
229 942 330 998 autem
363 938 513 1015 praefatae
544 938 653 997 herbae
686 956 736 998 eos
774 938 916 1009 retinent,
954 937 1095 1013 quatinus

74 1026 185 1086 leuiter
206 1028 244 1087 ab
266 1026 385 1088 homine
407 1027 607 1104 egrediantur.
652 1027 692 1087 Et
707 1027 745 1086 ad
760 1027 852 1087 solam
874 1027 999 1103 pillulae
1021 1026 1095 1085 istae

74 1116 309 1188 exsiccabuntur,
341 1117 485 1198 quoniam
512 1117 592 1177 calor
620 1116 684 1176 eius
711 1135 799 1176 sanus
830 1119 892 1187 est,
922 1119 953 1175 et
974 1133 1034 1175 non
1057 1115 1136 1174 adro

75 1205 177 1282 ignem
199 1205 351 1283 lignorum
374 1209 427 1266 aut
449 1205 586 1281 fornacis,
620 1205 701 1282 quod
733 1206 817 1283 ignes
850 1206 976 1266 istorum
1011 1205 1095 1281 quasi

77 1293 227 1354 defectum
249 1295 366 1371 habant,
389 1298 534 1371 quantum
558 1295 596 1354 ad
619 1295 688 1354 solia
711 1294 845 1358 calorem.
892 1293 967 1354 Cum
995 1297 1095 1353 autem

76 1383 165 1444 homo
189 1383 241 1444 hae
262 1383 383 1460 pillulas
415 1403 530 1445 sumere
557 1383 696 1458 voluerit,
728 1384 914 1444 stomachum
945 1402 1034 1444 suum
1065 1386 1095 1441 et

75 1476 214 1534 ventrem
236 1473 351 1551 agninis
373 1473 421 1534 vel
444 1473 509 1533 aliia
531 1473 660 1549 pellibus
683 1473 894 1550 circumponat,
923 1477 959 1533 ut
980 1472 1095 1532 calidus

75 1562 138 1633 fiat,
162 1563 305 1639 quoniam
327 1563 408 1623 calor
431 1581 533 1624 aarum
556 1581 645 1623 sanus
668 1566 721 1637 est,
751 1566 783 1623 et
813 1581 871 1623 non
902 1561 1034 1622 multum
1057 1560 1093 1619 ad
1110 1576 1136 1620 ro

76 1652 180 1728 ignem
200 1653 327 1727 accedat,
349 1651 431 1730 quod
446 1671 536 1711 venae
556 1652 620 1712 eius
635 1652 811 1711 inflarentur
825 1656 856 1712 et
870 1652 990 1729 sanguis
1005 1669 1096 1727 snpra

74 1741 201 1801 modum
222 1741 382 1801 inundaret
404 1744 435 1801 et
457 1741 500 1800 ita
522 1741 661 1800 humores
683 1740 715 1799 in
737 1740 883 1800 iniustum
906 1741 1019 1800 exitum
1046 1740 1095 1799 de·

75 1830 271 1904 ducerentur3
303 1830 355 1890 sed
386 1830 482 1890 calore
513 1830 641 1891 vestium
670 1832 776 1889 utatur
798 1834 829 1889 et
850 1830 911 1889 iam
934 1833 1001 1890 ante
1025 1830 1095 1889 solis

76 1920 180 1978 ortum
203 1937 251 1980 aas
273 1921 379 1988 sumat
403 1919 484 1997 quod
506 1938 614 1979 aurora
636 1937 670 1978 ec
692 1922 825 1995 tempore
847 1919 946 1979 suavis
970 1924 1000 1978 et
1022 1914 1096 1978 lenis

74 2011 132 2068 eat
176 2007 217 2068 Et
238 2008 287 2068 vel
309 2009 443 2087 quinque
464 2009 514 2069 vel
535 2027 642 2069 novem
663 2008 784 2085 pillulae
799 2008 933 2085 accipiat,
956 2008 1000 2068 ita
1015 2007 1096 2084 quod
1108 2021 1136 2066 ao

74 2116 319 2175 unamquamque
341 2097 518 2176 singillatim
540 2097 627 2157 melle
647 2097 761 2158 modice
776 2098 907 2176 intingat
922 2101 952 2157 et
966 2097 1096 2175 singilla-

74 2187 134 2246 tim
156 2186 278 2264 glutiat,
301 2187 442 2263 quoniam
464 2187 524 2246 mel
546 2187 676 2247 calidum
698 2190 729 2246 et
751 2187 837 2247 dulce
865 2190 923 2260 est3
955 2186 1037 2262 quod
1072 2186 1096 2244 si

74 2276 138 2335 mol
161 2294 220 2335 nou
242 2275 388 2352 habuerit,
410 2278 443 2336 in
466 2276 524 2336 offa
547 2276 582 2336 de
604 2277 722 2336 triticeo
737 2296 813 2353 pane
828 2276 906 2336 facta
922 2274 1096 2352 singillatim

74 2365 109 2424 in
140 2365 265 2426 cocleari
296 2368 395 2425 sumat
420 2368 544 2443 propter
566 2364 677 2425 bonum
699 2384 833 2441 saporem
857 2364 989 2425 eiusdem
1012 2363 1095 2422 offae.

75 2454 119 2514 Et
141 2472 209 2514 cum
224 2472 272 2516 aaa
286 2455 455 2531 sumpserit,
478 2454 592 2514 modice
615 2458 645 2514 et
666 2454 811 2532 paulatim
828 2454 859 2512 in
874 2452 1015 2512 umbroso
1031 2451 1095 2511 loco
1109 2465 1136 2509 aa

75 2548 109 2603 et
130 2561 189 2602 non
211 2544 244 2603 in
274 2543 371 2604 calore
398 2544 468 2604 solis
490 2543 674 2618 deambulet,
705 2562 799 2619 usque
823 2542 895 2601 dum
917 2540 1095 2601 solutionem

74 2633 194 2707 sentiat,
225 2634 368 2709 quoniam
390 2634 470 2694 calor
492 2637 523 2693 et
544 2632 683 2709 splendor
715 2633 786 2692 solis
812 2631 952 2690 humores
983 2629 1096 2689 cerebri

74 2721 108 2780 in
130 2721 273 2782 iniustum
298 2721 422 2783 modum
443 2723 523 2782 forte
545 2722 714 2782 educerent.
760 2719 846 2780 Circa
872 2719 999 2779 mediam
1025 2737 1095 2779 vero

74 2809 165 2882 diem,
187 2813 349 2888 postquam
371 2811 549 2871 solutionem
571 2812 603 2871 in
626 2830 657 2870 se
679 2810 810 2881 senserit,
837 2810 886 2868 vel
908 2809 934 2869 si
956 2828 1020 2869 eam
1043 2810 1095 2867 ob·

74 2899 185 2959 durato
207 2900 358 2961 stomacho
380 2900 511 2961 nondum
534 2900 642 2960 habere
664 2900 785 2978 poterit,
814 2899 946 2976 primum
969 2900 1016 2956 ius
1048 2898 1096 2958 vel
1109 2910 1137 2954 30

74 2988 300 3049 sobriunculam
334 2989 371 3050 <le
404 2989 499 3050 farina
530 2990 645 3050 similae
680 2991 788 3049 factam
822 2989 947 3061 sorbeat,
984 2991 1020 3047 ut
1043 2996 1096 3046 aut

74 3079 190 3138 viscera
212 3097 265 3155 per
287 3079 465 3139 solutionem
488 3081 636 3140 commota
666 3097 720 3154 per
752 3078 930 3138 suavitatem
963 3077 1095 3136 eiusdem

73 3167 151 3228 iuris
172 3168 222 3228 val
248 3168 455 3230 sobriunculae
482 3173 622 3230 sanentur
656 3171 709 3226 aut
737 3167 895 3227 induratus
927 3166 1095 3226 stomachus

74 3257 132 3317 hoc
154 3257 242 3318 modo
265 3258 463 3321 mollificetur.

142 3347 220 3407 Item
242 3347 279 3407 dc
300 3346 462 3423 aaapue'nia
482 3349 578 3421 sluaa.
611 3340 635 3424 ¹)
644 3344 700 3405 Oui
732 3365 802 3423 ergo
835 3345 949 3405 multus
976 3343 1095 3419 sanguis
1109 3353 1137 3399 aa

140 3545 162 3613 ι)
183 3563 206 3598 v.
225 3545 344 3615 as-p.
366 3546 455 3616 reos„
478 3569 514 3598 =
532 3549 638 3624 urguo
657 3549 735 3607 uss
751 3547 789 3605 o.
