2460 3862
125 138 188 197 224
512 131 761 188 HILDEGARDIS

126 319 342 377 festinationem
362 336 457 376 unum
476 318 570 377 ictum
591 321 645 377 aut
668 318 743 377 duos
765 318 842 378 ictus
865 318 1003 378 ordinate
1027 319 1176 378 dederi.

125 411 154 465 et
180 408 291 466 iterum
318 407 422 466 deinde
450 407 583 482 festinat,
611 410 647 466 ut
674 408 759 483 prius
785 407 951 483 festinavit,
981 408 1081 466 anima
1108 409 1176 466 ir:

124 497 312 556 festinatione
342 497 396 554 illa
422 496 573 573 angustias
601 496 775 556 aderitum
803 515 833 556 se
860 497 969 556 habere
994 497 1127 557 ostendit
1162 541 1176 567 .,

124 585 278 644 etidcirco
298 604 402 645 venam
422 585 504 643 illam
520 585 696 645 festinanter
717 591 830 658 movet3
853 586 905 644 sed
927 605 1023 645 unum
1045 588 1176 645 icturt

97 677 178 733 caut
211 675 285 735 duos
319 674 452 733 ordinate
486 674 682 750 demonstrat,
716 676 857 751 quoniam
884 675 916 733 in
944 676 1064 734 homine
1086 677 1176 734 illa:

122 764 201 822 vitae
227 763 401 824 recordatur
428 767 458 822 et
480 764 630 823 advitam
653 769 837 838 praesentem
860 783 890 823 se
912 769 1079 840 retorquet,
1108 763 1176 824 0⁴¹

122 854 166 911 ita
195 853 283 912 homo
315 854 367 911 ille
398 872 456 911 non
487 854 628 929 moritur,
661 852 712 912 sed
742 854 831 913 vivet.
881 852 940 912 Sed
971 854 1003 911 in
1036 853 1176 913 dextrc

122 942 242 1001 brachio
270 943 376 1018 pulsus
403 961 493 1001 venae
522 943 679 1018 praecipue
707 942 936 1002 considerandus
964 946 1025 1019 est,
1060 934 1176 1020 quofi

122 1031 193 1091 haec
212 1031 306 1108 signa,
331 1050 407 1106 quae
427 1032 522 1090 vitam
545 1035 576 1090 et
598 1035 725 1091 mortem
747 1031 954 1108 praetendunt,
978 1032 1010 1090 in
1034 1032 1176 1092 dextro

83 1136 110 1178 1o
123 1121 242 1179 brachio
266 1121 424 1196 praecipue
446 1121 544 1178 notari
565 1125 699 1197 possunt,
728 1122 870 1196 quoniam
891 1121 1021 1179 maxima
1044 1123 1176 1182 virtus

123 1211 154 1267 in
177 1209 280 1267 dextra
308 1214 352 1268 est
381 1210 499 1283 etipsa
524 1228 640 1284 semper
672 1213 827 1286 operatur;
854 1212 886 1269 in
920 1210 1043 1270 sinistro
1068 1226 1160 1270 vero

123 1299 208 1374 quasi
235 1301 340 1374 torpor
368 1302 412 1357 est
435 1302 465 1357 et
486 1299 518 1357 in
540 1300 606 1374 ipsa
628 1299 704 1357 nihil
726 1304 877 1375 operatur.
922 1298 958 1357 In
981 1299 1153 1360 inflexione

124 1406 245 1464 quoque
260 1388 357 1446 dextri
372 1387 485 1447 brachii
500 1388 577 1446 etin
599 1388 754 1448 inflexione
778 1388 873 1447 dextri
895 1389 1001 1460 cruris,
1025 1390 1150 1449 scilicet

123 1477 177 1535 sub
198 1495 285 1552 genu,
308 1477 413 1552 pulsus
429 1495 520 1535 venae
544 1477 670 1536 discerni
692 1478 837 1537 veraciter
859 1480 965 1552 potest,
991 1478 1075 1554 quod
1097 1477 1141 1538 ibi

84 1579 111 1623 15
126 1565 270 1624 fortitudo
298 1566 411 1625 animae
438 1569 491 1624 est.
536 1563 612 1624 Nam
639 1567 738 1624 anima
757 1567 911 1626 iuncturae
933 1568 1140 1628 membrorum

126 1655 157 1713 in
191 1658 338 1731 potestate
365 1673 420 1714 sua
446 1655 564 1714 fortiter
590 1658 683 1731 tenet,
716 1658 747 1714 et
779 1674 848 1714 cum
876 1673 984 1731 corpus
1022 1658 1136 1717 exitura

133 1749 188 1812 est,
211 1745 329 1803 easdem
359 1745 514 1803 iuncturas
547 1745 644 1820 solvit,
679 1746 710 1804 et
734 1744 802 1804 ideo
834 1744 940 1818 pulsus
972 1747 1132 1806 eorundem

128 1852 271 1891 venarum
285 1834 430 1908 procellas
446 1834 482 1892 ad
498 1837 625 1892 mortem
639 1835 671 1892 in
686 1852 716 1893 se
732 1833 874 1906 ostendit3
897 1834 923 1892 si
945 1852 1018 1895 vero
1044 1836 1137 1894 anima

127 1923 242 1980 exitura
266 1941 326 1981 non
353 1926 405 1998 est,
438 1923 574 1998 quamvis
597 1941 705 1999 corpus
727 1922 855 1982 hominis
877 1922 1012 1982 multum
1034 1925 1134 1996 doleat,

86 2023 115 2068 ao
129 2012 234 2087 pulsus
249 2030 393 2071 venarum
417 2011 577 2070 earundem
598 2013 769 2071 iunctarum
792 2012 913 2088 quietus
935 2015 966 2070 et
990 2015 1135 2073 ordinatus

126 2103 178 2172 est,
201 2100 343 2176 quoniam
364 2100 463 2158 anima
485 2099 522 2158 ad
545 2100 658 2159 exitum
680 2119 711 2160 se
733 2121 792 2160 non
815 2104 988 2177 praeparat:

193 2190 241 2249 Dc
264 2190 428 2249 urinarum
449 2190 727 2264 smcifieatimitua.
760 2189 914 2265 Quidquid
937 2190 1029 2251 homo
1053 2191 1135 2258 bibet

126 2280 188 2338 sive
224 2279 328 2338 uinum
359 2280 420 2338 sive
454 2278 623 2338 cerevisiam
654 2279 716 2338 sive
746 2279 900 2338 medonem
932 2280 995 2340 sive
1027 2298 1135 2357 aquam,

128 2368 279 2444 quaelibet
305 2368 392 2427 urina
420 2368 595 2443 qualitatem
622 2368 684 2429 sive
716 2369 852 2426 sanitatis
880 2387 932 2428 seu
958 2368 1135 2428 infirmitatis

90 2469 118 2513 ao
132 2457 275 2532 ostendit,
311 2457 347 2516 de
383 2476 573 2532 quocumque
606 2461 683 2532 potu
714 2458 868 2533 procedat3
895 2475 949 2516 nec
976 2459 1066 2517 urina
1087 2460 1136 2516 iste

128 2547 235 2606 melior
255 2547 308 2605 illa
331 2549 381 2622 est,
406 2545 487 2622 quod
510 2565 610 2606 omnes
633 2547 737 2605 urinae
752 2545 788 2605 de
803 2546 883 2606 faece
905 2551 985 2622 sunt,
1009 2547 1136 2622 quamvis

130 2641 219 2710 potus
240 2637 297 2696 iste
318 2635 479 2712 pretiosior
501 2635 554 2694 illo
578 2636 625 2699 sit.

194 2727 241 2785 De
264 2726 406 2785 disserta.
451 2724 548 2783 Homo
576 2727 689 2799 autem,
718 2724 771 2801 qui
793 2724 911 2782 urinam
933 2724 1064 2784 retinere
1086 2741 1136 2783 nou

128 2817 239 2889 potest,
262 2815 309 2872 illi
331 2814 500 2874 stomachus
523 2813 652 2890 frigidus
668 2816 757 2872 estet
777 2814 887 2884 uesica,
910 2816 941 2872 et
963 2814 1032 2874 ideo
1055 2820 1137 2890 potus

90 2903 160 2960 eoin
187 2903 228 2960 eis
256 2904 292 2961 ad
320 2905 487 2978 perfectum
515 2903 605 2978 coqui
631 2921 690 2962 non
717 2903 842 2978 poterit,
871 2904 901 2960 et
931 2905 1092 2979 antequam
1113 2904 1137 2960 iu

129 2991 170 3049 eis
197 2994 354 3067 coquatur,
389 2994 425 3050 ut
451 2991 553 3067 tepida
580 3011 658 3068 aqua
695 2991 807 3067 effluit,
836 2992 921 3050 velut
951 2992 977 3050 si
1005 3012 1085 3068 aqua
1107 2988 1138 3050 ad

128 3081 227 3156 ignem
242 3083 372 3156 ponatur
388 3083 418 3139 et
434 3082 469 3140 de
484 3081 537 3141 illo
554 3081 696 3140 calescere
710 3081 862 3156 inceperit,
878 3081 1017 3157 superius
1032 3082 1138 3148 effluat,

129 3174 287 3245 antequam
302 3169 428 3242 ferveat3
452 3171 530 3229 sicut
545 3170 635 3229 etiam
650 3172 682 3228 in
697 3168 862 3228 infantibus
878 3173 931 3245 est,
955 3170 1011 3246 qui
1027 3171 1139 3229 urinam

128 3261 254 3318 retinere
282 3278 341 3317 non
368 3264 506 3333 possunt,
531 3260 674 3336 quoniam
693 3277 746 3317 nec
773 3259 943 3318 stomachus
970 3279 1025 3319 nec
1049 3260 1142 3318 vesica

89 3360 233 3408 cecorum
255 3350 421 3424 perfectum
444 3350 570 3408 calorem
593 3348 710 3421 habent,
732 3348 783 3406 sed
806 3348 1013 3424 frigiditatem

173 3440 219 3498 De
235 3439 385 3512 paralysi.
417 3436 474 3496 Sed
488 3438 514 3497 si
536 3438 626 3496 homo
648 3436 777 3513 frigidus
800 3440 831 3496 et
851 3437 1013 3513 paralysim
1036 3437 1144 3496 habens

128 3529 184 3599 est,
215 3546 284 3588 cum
314 3527 345 3587 in
372 3527 449 3588 lecto
482 3527 515 3586 in
540 3527 713 3586 infirmitate
741 3526 903 3602 decumbit,
940 3527 1031 3586 huius
1059 3527 1144 3586 urina
