2460 3862
347 139 490 196 caussa
508 140 556 196 ur
574 139 697 196 cunin
715 140 782 196 mn.
801 141 840 218 Π.Ι
1036 146 1098 206 121

79 325 229 385 hominis·
246 325 453 385 fortitudinem
483 323 572 385 habet
601 328 631 384 et
663 344 755 386 venae
782 326 845 385 eius
877 325 1100 402 plenitudinem,

81 419 171 491 tunc,
204 415 229 475 si
261 433 348 475 sanus
381 419 426 474 est
455 433 590 492 corpore,
622 416 786 474 secundum
817 434 985 475 mensurum
1018 415 1101 475 illam

83 505 260 582 sanguinem
282 504 410 580 minuat,
441 523 531 580 quam
559 504 662 564 sitiens
689 505 737 564 vir
767 522 828 564 unc
850 503 949 564 halitu
971 505 1002 564 in
1025 523 1102 580 aqna

84 593 188 654 bibere
210 597 318 670 potest,
345 596 495 669 utsupra
517 593 631 654 dictum
658 597 715 667 est3
746 596 778 653 et
804 592 862 653 hoc
888 594 982 653 faciat
1006 612 1101 671 usque

83 683 123 742 ad
146 683 364 762 quinquaginta
386 701 486 746 annos.
512 683 586 742 Post
601 682 882 760 quinquagesimum
896 701 966 742 vero
983 699 1128 758 anamma

83 791 145 848 quo
169 773 230 831 iam
252 771 373 850 sanguis
396 775 427 831 et
448 773 557 848 flegma
575 773 606 831 in
625 772 756 832 masculo
776 772 924 848 incipiunt
938 773 1102 832 decrescere

83 867 116 922 st
138 880 248 937 corpus
270 863 333 921 eius
355 879 496 936 arescere,
527 862 616 921 semel
643 863 674 921 in
701 880 777 921 anno
805 880 910 921 venam
938 861 1050 920 incidat
1072 865 1103 920 et

84 951 276 1010 medietatem
314 968 468 1010 mensurae
502 951 597 1026 illius,
636 970 725 1027 quem
763 954 832 1011 ante
869 951 901 1008 in
939 951 1102 1009 minutione

84 1040 239 1118 sanguinis
261 1039 374 1114 habuit,
398 1040 522 1116 minuat,
546 1044 577 1100 et
598 1040 654 1100 hoc
675 1041 825 1118 usquead
845 1040 998 1116 octoginta
1012 1058 1102 1099 annos
1223 1036 1225 1041 ’

83 1129 185 1193 faciat.
229 1128 336 1190 Postea
358 1130 537 1189 veronulla
563 1129 666 1188 incisio
694 1148 785 1189 venae
811 1129 859 1188 illi
884 1128 1018 1205 prodest,
1049 1127 1101 1188 sed
1115 1143 1142 1189 rc

83 1219 179 1297 magis
202 1237 271 1277 curn
291 1219 402 1293 laedet,
433 1219 504 1295 quia
526 1219 585 1277 iam
608 1220 692 1278 viror
713 1219 868 1296 sanguinis
895 1219 927 1277 in
955 1237 990 1278 so
1013 1218 1101 1289 aruit,

83 1308 140 1368 nisi
164 1325 272 1385 magna
294 1308 449 1368 inundatio
473 1312 504 1367 st
526 1308 644 1384 eruptio
660 1308 821 1368 humorum
835 1308 894 1385 ipsi
908 1308 986 1368 forte
1001 1325 1102 1384 super·

83 1397 193 1472 veniat,
216 1400 246 1457 et
267 1401 340 1457 tnnc
353 1400 477 1474 propter
491 1396 566 1456 hanc
580 1417 719 1475 magnam
733 1399 939 1458 necessitatem
954 1396 1103 1457 modicum

85 1487 238 1564 sanguinis
260 1487 291 1546 in
314 1503 391 1548 vena
413 1487 538 1549 emittat
577 1486 634 1546 Sed
657 1487 728 1563 quia
749 1491 818 1563 post
839 1487 991 1564 octoginta
1013 1505 1103 1545 annos

85 1594 177 1636 venae
200 1575 325 1636 masculi
346 1577 407 1634 iam
435 1575 576 1635 deficiunt
604 1580 634 1634 et
661 1577 790 1636 minutio
818 1576 971 1653 sanguinis
994 1576 1022 1634 ei
1043 1589 1144 1635 ncn15

83 1665 177 1740 valet,
209 1664 318 1741 herbis,
351 1652 463 1725 scilicet
485 1665 566 1724 cardi
588 1665 668 1742 nigri
695 1669 726 1725 et
753 1664 901 1724 similibus
923 1665 953 1724 in
976 1682 1100 1740 corpore

83 1772 139 1814 suo
161 1754 299 1830 pustulas
321 1755 520 1832 inturgescere
542 1755 638 1829 faciat,
660 1758 697 1814 ut
718 1755 763 1814 ita
784 1755 889 1815 noxius
910 1754 1026 1826 humor,
1049 1754 1103 1831 qui

84 1847 129 1903 est
156 1843 234 1903 inter
261 1847 359 1904 cutem
386 1848 416 1904 et
442 1861 572 1919 carnem,
599 1844 806 1919 rumpentibus
832 1843 963 1920 pustulis
990 1843 1104 1906 effluat.

83 1932 194 1992 Mulier
225 1936 326 1993 sutem
356 1934 450 2011 magis
488 1933 590 2007 plures
623 1933 725 1993 noxios
764 1933 913 1992 humores·
939 1937 970 1993 et
1007 1934 1103 2010 magis

84 2021 202 2081 nomam
223 2023 324 2082 tabem
345 2023 376 2081 in
399 2040 522 2098 corpore
544 2040 599 2080 suo
623 2039 713 2098 quam
736 2023 884 2082 masculus
906 2022 1004 2086 habet.
1115 2035 1144 2080 ao

154 2111 199 2171 De
213 2111 350 2172 mulieris
363 2113 538 2172 minutione.
575 2109 659 2170 Unde
674 2114 705 2171 et
720 2111 784 2187 ipsa
800 2130 818 2169 a
834 2111 1009 2172 duodecimo
1026 2129 1102 2170 anno

86 2200 193 2260 aetatis
203 2218 275 2260 suae
290 2200 411 2260 eandem
427 2200 670 2260 constitutionem
684 2204 715 2260 et
729 2200 851 2260 eandem
867 2200 1102 2261 observationem

86 2289 261 2349 minutionis
282 2290 435 2366 sanguinis
457 2290 488 2348 in
510 2308 585 2349 rena
607 2289 753 2365 observet,
786 2309 877 2365 qnam
901 2293 933 2349 et
954 2288 1102 2349 masculus

85 2378 185 2454 babet,
201 2382 322 2454 excepto
337 2379 418 2455 quod
433 2378 498 2454 ipsa
512 2379 707 2438 minutionem
722 2397 805 2439 suam
820 2396 914 2455 usque
930 2378 967 2438 ad
982 2378 1103 2438 centem-

86 2487 171 2527 mum
182 2486 293 2527 annum
304 2469 503 2546 prolongabit,
519 2469 661 2545 quoniam
673 2468 708 2527 de
725 2468 818 2527 noxiis
833 2468 1009 2527 humoribus
1020 2469 1051 2526 et
1066 2466 1102 2525 de
1115 2477 1143 2522 25

85 2558 196 2617 infecta
218 2557 286 2616 tabe
308 2558 403 2617 maior
425 2558 582 2617 necessitas
603 2557 631 2616 ei
645 2557 792 2617 incumbit
807 2577 897 2633 quam
913 2557 988 2618 viro.
1015 2555 1103 2626 Quod

86 2647 177 2707 etiam
200 2649 384 2707 menstruum
407 2650 528 2723 tempus
550 2647 593 2706 ita
616 2645 752 2707 ostendit.
797 2644 872 2705 Nam
899 2646 924 2706 si
952 2648 1103 2705 menstruo

85 2739 221 2812 tempore
243 2735 280 2795 de
301 2736 397 2795 noxiis
418 2735 594 2796 humoribus
616 2738 648 2796 et
668 2735 705 2795 de
732 2735 800 2795 tabe
827 2754 886 2795 non
915 2743 1105 2813 purgaretur,

85 2829 152 2887 tota
180 2824 389 2885 intumesceret
419 2829 450 2884 et
481 2825 634 2885 inflaretur
665 2843 719 2884 nec
750 2824 850 2884 vivere
876 2828 985 2900 posset.
1034 2823 1106 2884 Post

86 2914 280 2975 centesimum
303 2917 403 2974 autem
426 2933 539 2974 annum
563 2914 736 2992 sanguinem
759 2913 789 2972 in
812 2933 887 2975 vena
908 2932 967 2974 non
981 2914 1146 2986 minuatne

86 3003 169 3080 quod
191 3005 264 3062 tunc
293 3007 358 3063 tam
388 3003 531 3081 sanguine
564 3022 654 3079 quam
684 3002 859 3063 humoribus
889 3002 1106 3079 profluentibus

87 3094 149 3153 iarn
172 3095 302 3170 purgata
324 3097 377 3155 est.
422 3092 480 3152 Sed
502 3093 527 3152 si
550 3092 628 3152 forte
650 3095 753 3168 postea
775 3093 891 3169 aliquos
913 3092 1052 3152 humores
1074 3095 1104 3149 in

88 3201 119 3243 se
143 3181 276 3256 sanserit,
299 3185 373 3242 tunc
395 3183 532 3259 pustulas
554 3182 756 3258 inturgescera
778 3182 868 3242 faciat
890 3183 974 3241 etin
996 3179 1105 3240 eisdem

87 3271 170 3347 locis,
194 3270 226 3330 in
249 3271 358 3348 quibus
381 3280 519 3332 cocturae
540 3272 637 3331 solent
657 3271 689 3330 in
711 3271 830 3331 homine
851 3271 924 3331 fieri.

156 3361 203 3420 Dc
223 3361 316 3425 amis.
361 3359 518 3421 Sciendum
553 3364 610 3433 est,
644 3360 726 3436 quod
759 3361 790 3419 in
824 3359 974 3436 cephalica
1006 3358 1106 3434 plures
1119 3368 1146 3412 35

88 3451 230 3510 humores
252 3449 425 3510 habundant
447 3469 538 3526 quam
559 3450 591 3508 in
613 3449 750 3509 mediana
764 3452 817 3508 aut
832 3468 922 3526 quam
937 3448 968 3507 in
983 3448 1106 3523 epatica,

90 3538 163 3618 quia
178 3539 267 3599 etiarn
284 3539 450 3616 cephalicae
464 3540 567 3617 plures
582 3557 672 3602 venae
688 3537 861 3618 adhaerent,
880 3556 960 3616 uuae
967 3535 1121 3594 humores
