2460 3862
341 131 483 187 cAUsAll
501 133 548 188 ET
567 133 688 189 CURAE
706 133 774 188 ΜΒ.
793 133 827 188 Il.
1028 137 1091 198 145

142 318 189 376 De
210 318 411 378 membrorum
433 319 611 378 extensione.
658 315 734 375 Cum
756 320 857 377 autem
880 318 974 376 malae
996 317 1092 376 febres

71 407 105 466 in
129 406 250 466 homine
273 410 344 466 sunt
366 409 395 465 et
419 425 488 466 cum
510 407 583 465 mali
605 406 744 466 humores
771 407 802 465 in
825 426 859 466 eo
883 407 1027 466 inundare
1049 407 1093 464 in·

73 496 204 572 cipiunt,
227 496 359 572 grantae
383 496 515 571 corporis
531 502 562 555 et
583 496 717 555 taedium
739 497 846 555 mentis
869 516 938 554 eum
961 499 1095 573 occupat,

73 588 105 644 et
131 584 187 644 hoc
211 583 310 643 anima
333 585 512 644 naturaliter
535 585 663 644 sentiens
680 584 869 662 aliquantum
885 586 921 644 de
937 584 981 644 his
996 589 1094 644 muta·

72 673 211 734 tionibus
233 675 317 733 velut
339 674 439 733 taedio
464 673 568 733 affecta
590 693 713 750 corpore
736 673 815 733 cedit
829 678 860 734 et
874 675 973 750 ipsum
989 683 1124 750 corpus5

74 766 106 822 et
123 780 215 822 venas
238 763 301 822 eius
324 763 512 839 aliquantum
535 763 666 840 subrigit
688 766 728 822 et·
742 764 880 834 extendit,
912 764 996 822 velut
1025 767 1097 822 tunc

76 853 160 921 fecit,
183 869 253 910 cum
276 852 312 911 de
335 870 457 928 corpore
481 852 559 910 exire
583 853 679 912 debet.

144 941 191 1000 De
225 941 355 1016 liturgia.
416 941 489 999 Mali
525 961 645 1018 qnoque
679 940 818 1000 humores
852 942 884 998 in
918 940 1097 1017 quibusdam

75 1029 249 1090 hominibus
264 1029 416 1090 interdum
431 1031 551 1109 fumum
566 1031 687 1106 faciunt,
713 1031 765 1106 qui
780 1049 875 1106 usque
891 1030 929 1088 ad
944 1030 1097 1089 cerebrum

78 1138 186 1179 eorum
210 1118 341 1178 ascendit
364 1122 395 1179 et
417 1119 492 1179 illud
516 1121 559 1178 ita
581 1119 687 1195 inficit,
716 1120 797 1196 quod
825 1138 859 1178 ex
882 1121 937 1178 hoc
959 1120 1046 1179 stulti
1068 1123 1139 1178 et10

77 1208 219 1269 obliviosi
243 1227 276 1267 ac
299 1227 388 1268 sensu
410 1209 499 1268 vacui
521 1209 605 1270 fiunt.
866 1216 870 1223 '

146 1299 195 1357 De
218 1299 360 1372 singultu.
406 1298 499 1357 Dolor
522 1299 620 1373 etiam,
645 1298 698 1374 qui
721 1297 831 1356 dicitnr
854 1298 1011 1374 singultus,
1034 1296 1098 1356 nas-

78 1387 159 1447 citur
184 1386 220 1445 de
242 1387 355 1464 frigore
377 1386 529 1459 stomachi,
554 1391 584 1446 et
606 1387 703 1463 frigus
726 1386 804 1444 illud
827 1387 904 1445 circa
926 1387 1009 1445 iecur
1029 1387 1096 1445 flec-

78 1477 158 1536 titur
181 1479 212 1535 et
235 1477 313 1535 circe
334 1476 509 1552 pulmonem
531 1477 673 1547 tenditur,
711 1475 755 1533 ita
789 1475 871 1551 quod
904 1476 992 1534 ctiam
1020 1476 1097 1534 vires
1138 1508 1140 1512 ·

78 1565 177 1625 cordis
200 1568 370 1638 moventur,
400 1566 650 1641 quemadmodum
680 1564 768 1624 homo
792 1565 828 1623 de
850 1564 963 1641 frigore
985 1565 1097 1640 tremit,
1111 1574 1138 1619 15

80 1658 109 1714 et
135 1655 216 1731 quod
233 1655 334 1714 dentes
349 1653 476 1713 hominis
491 1653 802 1726 tremendostrident3
819 1657 850 1712 et
863 1654 907 1712 ita
928 1652 1015 1712 homo
1032 1673 1100 1713 cum

79 1745 181 1804 sonitu
204 1744 283 1802 vocis
307 1761 377 1802 suae
401 1743 569 1820 singultum
592 1743 689 1802 habet.

146 1833 193 1891 De
226 1833 403 1891 melancolia
437 1837 465 1892 et
492 1833 621 1906 protono.
666 1831 842 1890 Multotiens
873 1831 961 1890 etiam
992 1832 1100 1891 melan·

80 1923 155 1982 tolia
178 1921 210 1978 in
233 1920 351 1980 homine
375 1922 509 1997 exsurgit
532 1925 562 1980 et
587 1921 734 1997 quendam
760 1921 957 1998 fumigantem
981 1921 1100 1980 fumum

80 2011 109 2069 in
133 2028 167 2069 eo
192 2009 340 2081 diffundit,
371 2011 425 2087 qui
456 2029 543 2069 venas
575 2014 605 2069 et
628 2009 800 2087 sangninem
824 2015 854 2068 et
877 2028 993 2069 carnem
1016 2010 1098 2069 illius
1112 2019 1140 2064 20

81 2104 144 2158 tam
168 2099 223 2157 diu
245 2099 402 2173 contrahit,
426 2117 521 2174 usque
546 2100 616 2157 dum
640 2118 693 2174 per
716 2117 824 2174 corpus
847 2099 928 2158 illius
944 2118 974 2158 se
990 2099 1097 2157 diffun-

81 2189 151 2248 dere
176 2187 300 2263 desistit,
332 2188 444 2247 scilicet
465 2207 561 2263 usque
586 2188 658 2267 dum
686 2191 789 2250 cessat.
832 2186 890 2247 Sed
922 2192 952 2246 et
982 2188 1098 2262 saepius

80 2277 190 2350 evenit,
214 2277 295 2352 quod
318 2277 359 2336 fel
381 2278 413 2335 in
435 2277 553 2336 homine
575 2275 824 2353 superhabundat,
847 2278 889 2335 ite
912 2276 1098 2352 quodetiam

76 2386 131 2444 per
171 2383 279 2442 corpus
321 2364 448 2425 hominis
486 2384 516 2425 se
553 2366 704 2424 interdum
742 2366 773 2424 in
809 2365 1014 2440 superfluitate
1044 2383 1099 2424 sua

73 2454 229 2523 diffundit3
265 2457 295 2514 et
331 2455 375 2513 ita
403 2454 492 2513 homo
524 2456 555 2512 in
587 2473 672 2514 carne
698 2473 752 2514 suo
785 2456 869 2530 quasi
891 2454 1001 2513 fixuras
1023 2474 1097 2529 pun·
1110 2463 1139 2508 25

70 2547 179 2623 gentes
201 2548 264 2602 tam
289 2543 344 2603 diu
358 2545 482 2620 patitur,
500 2561 656 2620 quousque
671 2544 861 2620 superfluitas
877 2544 953 2602 fellis
969 2543 1097 2602 sedatur.

142 2633 191 2691 De
216 2633 286 2704 felle
317 2637 345 2693 et
369 2650 470 2706 poeno
492 2634 586 2695 Adae.
632 2634 803 2709 Antequam
835 2632 932 2691 Adam
964 2632 1098 2691 divinum

70 2725 269 2800 praeceptum
291 2722 557 2799 transgrederetur,
581 2723 662 2798 quod
685 2723 772 2781 modo
796 2722 836 2780 fel
860 2723 891 2779 in
912 2721 1030 2780 homine
1045 2726 1098 2798 eet,

71 2813 104 2872 in
131 2829 165 2870 eo
190 2813 226 2869 ut
248 2810 395 2870 cristallus
418 2811 536 2871 lucebat
559 2814 590 2870 et
612 2815 736 2888 gustum
759 2811 907 2870 bonorum
927 2829 1052 2887 operum
1067 2811 1097 2869 in

72 2921 105 2962 ee
130 2899 272 2972 habebat;
295 2903 325 2959 et
348 2901 429 2976 quod
452 2919 531 2960 nnnc
554 2901 643 2959 etiam
667 2901 839 2960 melancolia
861 2904 905 2960 est
920 2901 951 2959 in
967 2899 1095 2975 homine,
1109 2908 1137 2954 30

69 2991 104 3049 in
129 3008 164 3049 eo
188 2991 224 3046 ut
247 3008 354 3048 aurora
376 2989 512 3066 fulgebat
534 2993 564 3049 et
586 2989 738 3049 scientiam
761 2993 791 3048 et
810 2991 1020 3066 perlectionem
1043 2990 1094 3048 bo·

68 3098 183 3139 norum
206 3097 329 3154 operum
352 3079 383 3137 in
405 3098 435 3138 se
458 3079 593 3142 habebat.
640 3077 715 3137 Cum
748 3083 848 3138 autem
872 3080 969 3138 Adam
1000 3084 1094 3137 trans·

71 3186 194 3247 gressus
217 3170 268 3239 est,
292 3168 431 3243 splendor
454 3169 637 3228 innocentiae
661 3168 692 3225 in
719 3187 753 3227 eo
777 3168 953 3227 obscuratus
977 3171 1028 3242 est,
1064 3170 1095 3226 et

70 3258 154 3317 oculi
183 3256 253 3332 eius,
287 3259 339 3332 qui
366 3259 450 3332 prius
482 3257 618 3316 caelestia
641 3256 789 3334 videbant,
818 3258 939 3316 extincti
962 3259 1041 3327 sunt,
1064 3258 1095 3314 et

71 3347 114 3405 fel
152 3345 346 3405 immutatum
378 3350 422 3405 eet
454 3346 484 3404 in
520 3345 750 3405 amaritudinem
789 3353 819 3405 et
857 3345 1028 3405 melancolia
1061 3345 1092 3402 in
1109 3352 1138 3398 eo

71 3435 260 3513 nigredinem
283 3435 454 3510 impietatis,
478 3440 569 3511 atque
591 3439 673 3494 totus
696 3435 728 3494 in
750 3436 844 3494 alium
859 3435 980 3494 modum
995 3436 1091 3493 muta·

75 3529 127 3584 tus
150 3527 203 3584 est.
242 3524 281 3583 Et
304 3525 345 3584 sic
369 3525 465 3582 anima
488 3525 551 3584 eius
574 3525 729 3583 tristitiam
751 3525 901 3584 contraxit
921 3528 955 3583 et
976 3541 1097 3581 excusa-

136 3631 292 3690 erroeprnn
304 3643 392 3678 mesae
405 3635 431 3679 et
445 3645 520 3682 curae
534 3636 573 3683 ed.
589 3635 714 3686 Kaisar.
973 3623 1017 3679 W
