2460 3862
133 133 174 192 12
520 125 766 182 HILDEGARDIS

133 330 202 370 oum
224 312 283 371 iam
312 311 356 372 ibi
383 331 505 388 surgere
532 311 649 387 incipit,
677 313 790 370 terram
819 311 899 376 ‚circa
930 310 1058 369 fundum
1085 311 1149 371 eius

133 401 270 461 calefacit
292 405 322 460 et
346 420 445 477 aquas,
469 421 545 477 quae
568 400 624 460 sub
646 403 727 460 terra
749 402 827 475 sunt,
851 402 882 459 61
900 398 967 458 ideo
983 419 1077 476 aquae
1092 401 1148 461 sub

131 493 214 550 terra
236 490 390 550 calidiores
412 491 443 550 in
465 490 560 549 hieme
583 492 654 549 suut
675 508 766 566 quam
788 490 821 550 iu
843 491 963 553 aestate.
1001 490 1085 549 Tunc
1106 489 1150 548 ibi

131 580 163 638 iu
186 579 270 656 signo
291 580 408 656 aquarii
423 580 541 656 planeta
555 579 614 652 ille,
638 580 691 654 qui
705 580 804 656 ignem
821 596 909 638 suum
925 597 943 636 a
957 579 1018 638 sole
1034 597 1149 655 semper

103 668 247 744 srecipit
271 669 384 729 scilicet
405 669 464 745 ille,
487 670 540 746 qui
563 668 594 727 in
617 668 703 745 signo
726 667 825 728 cancri
847 667 972 728 inferius
995 669 1056 728 sole
1079 670 1149 744 stat,

132 761 162 818 et
194 757 247 816 alii
271 759 408 834 planetae
437 757 625 818 advenientes
656 760 819 817 retrorsum
852 756 1003 823 incedunt.
1048 755 1147 817 Solem

130 848 312 908 comitantur
334 867 430 926 usque
453 847 491 906 ad
513 848 633 924 signum
655 847 796 923 piscium,
822 850 852 906 et
874 865 943 906 oum
965 846 1004 905 ad
1026 847 1148 923 signum

129 937 207 997 illud
229 938 405 1012 pervenerit,
427 938 486 996 iam
510 936 596 1014 quasi
618 935 651 994 iu
671 935 829 995 medietate
851 955 998 1012 aquarum
1021 940 1075 996 est.
1107 935 1148 994 Et

130 1028 236 1102 pisces,
265 1027 318 1102 qui
345 1045 375 1086 se
398 1026 483 1102 prius
505 1045 522 1084 a
544 1025 657 1103 frigore
680 1025 908 1096 absconderant,
936 1025 996 1084 iam
1019 1025 1147 1084 calorem

89 1131 117 1176 10
130 1116 194 1177 eius
225 1116 358 1176 sentiunt
391 1119 421 1175 et
452 1114 490 1173 ad
524 1114 737 1174 fecunditatem
767 1114 941 1190 procedunt.
997 1114 1036 1174 Et
1069 1115 1146 1174 alius

129 1205 255 1281 planeta,
283 1204 336 1280 qui
357 1206 389 1263 in
411 1203 494 1281 signo
518 1205 615 1264 cancri
638 1203 676 1262 ad
699 1204 834 1263 dextram
856 1203 927 1263 solis
950 1205 1021 1279 erat,
1047 1204 1073 1262 ei
1096 1203 1146 1263 hic

129 1293 260 1354 occurrit
282 1297 312 1353 et
334 1293 434 1369 ipsum
456 1312 574 1353 sursum
595 1293 690 1353 trahit
712 1310 806 1369 usque
830 1293 867 1352 ad
890 1294 1009 1369 signum
1034 1293 1145 1354 arietis.

128 1383 168 1441 Et
191 1402 259 1442 cum
282 1382 327 1442 sol
349 1382 391 1442 sio
414 1382 452 1440 ad
473 1383 592 1460 signum
620 1382 721 1442 arietis
748 1381 928 1458 pervenerit,
956 1385 987 1440 61
1012 1382 1055 1441 111
1085 1382 1145 1442 duo

129 1472 284 1531 inferiores
306 1472 442 1547 planetae
466 1472 493 1530 ei
515 1475 677 1532 occurrunt
699 1475 730 1531 et
752 1491 821 1530 eum
840 1471 1006 1546 suscipiunt
1026 1475 1057 1530 et
1077 1490 1146 1530 cum

87 1577 115 1622 15
129 1581 163 1620 eo
187 1561 335 1638 paulatim
358 1560 519 1621 ascendunt
541 1561 625 1620 etin
649 1564 717 1620 ante
740 1561 867 1620 tendunt
885 1561 970 1620 velut
985 1561 1061 1619 aries
1077 1579 1146 1620 cum

129 1649 275 1711 cornibus.
310 1649 368 1709 Sed
391 1669 459 1710 cum
482 1650 573 1710 altius
596 1650 727 1710 ascendit
750 1650 836 1726 quasi
859 1648 897 1707 ad
920 1650 1039 1726 signum
1054 1651 1145 1725 tauri,

128 1740 180 1799 isti
208 1739 267 1799 duo
294 1740 430 1815 planetae
457 1738 500 1798 ibi
531 1742 697 1811 remanent,
729 1743 759 1799 et
790 1739 842 1797 alii
875 1737 934 1797 duo
968 1738 995 1797 ei
1026 1738 1145 1799 obviam

128 1828 264 1901 veniunt,
297 1829 350 1904 qui
380 1829 442 1888 rari
473 1832 542 1888 suut
574 1828 612 1887 ad
638 1828 801 1888 videndum
823 1831 853 1887 et
876 1828 929 1904 qui
951 1847 1019 1888 raro
1043 1831 1142 1888 osten·

129 1917 256 1992 duntur,
288 1918 346 1977 uisi
373 1918 473 1994 aliqua
500 1917 645 1977 miracula
667 1920 797 1993 portent.
842 1917 882 1976 111
903 1918 936 1975 hi
959 1917 1053 1977 solem
1077 1921 1145 1977 ante

88 2023 115 2067 ac
128 2007 287 2082 impellunt
309 2008 405 2067 multa
427 2010 588 2083 potestate,
619 2009 655 2065 ut
677 2009 796 2082 taurus,
826 2007 878 2082 qui
906 2007 1025 2066 fortiter
1047 2008 1147 2066 trudit

130 2096 277 2171 cornibus,
301 2100 331 2156 et
353 2097 446 2156 solem
469 2096 507 2155 ad
529 2096 719 2156 altitudinem
733 2097 928 2172 transferunt,
950 2096 995 2155 ita
1008 2098 1052 2167 ut,
1076 2114 1145 2154 cum

129 2184 167 2243 ad
190 2185 309 2262 signum
331 2186 526 2262 geminorum,
541 2185 667 2257 venerit,
701 2185 777 2245 alter
809 2203 912 2244 eorum
940 2186 1033 2243 altera
1059 2192 1146 2259 parte

128 2273 213 2351 solis,
240 2275 316 2333 alter
343 2275 375 2333 iu
398 2275 493 2334 altera
515 2279 601 2350 parta
623 2274 687 2334 eius
709 2275 824 2335 vadunt
846 2292 877 2333 se
900 2274 943 2333 ita
965 2277 1144 2348 separantes,

128 2382 224 2440 usque
248 2364 320 2422 dum
342 2364 380 2423 ad
401 2382 547 2423 summam
569 2363 759 2423 altitudinem
781 2383 866 2424 suam
881 2363 1070 2440 perveniunt.
1106 2364 1147 2422 ut

88 2456 201 2512 astunc
233 2453 310 2513 circa
342 2451 460 2530 siguum
492 2454 603 2528 cancri,
636 2471 704 2512 oum
734 2454 779 2512 sol
809 2452 869 2511 iam
905 2452 943 2511 ad
975 2453 1145 2513 descensum

128 2543 239 2602 reverti
259 2542 354 2618 debet,
376 2543 502 2619 planeta,
525 2543 580 2619 qui
595 2542 633 2600 ad
649 2542 784 2601 demam
800 2543 864 2602 eius
880 2541 970 2618 vadit,
993 2542 1144 2601 modicum

129 2650 197 2690 eum
220 2632 370 2707 praecedit
393 2636 423 2692 et
445 2632 537 2692 alium
560 2631 709 2709 quendam
731 2632 882 2707 planetam
904 2630 1029 2690 interius
1052 2632 1144 2690 solem

129 2722 259 2779 stantem
290 2721 418 2797 invenit,
458 2725 489 2781 et
527 2740 596 2781 mox
628 2720 748 2797 planeta
781 2720 832 2780 ille
866 2720 1019 2797 planetam
1053 2721 1146 2779 istum

129 2809 256 2868 sentiens
271 2813 437 2870 retrorsum
452 2810 563 2870 incedit
577 2829 746 2886 parumper,
771 2811 801 2868 et
820 2809 875 2869 1616
895 2809 982 2868 illum
997 2810 1143 2885 sequitur.

86 2898 166 2956 36111
193 2898 304 2956 iterum
332 2899 383 2957 ille
411 2900 584 2975 revertitur,
615 2903 646 2959 et
674 2900 731 2958 iste
763 2899 846 2974 prior
877 2899 999 2974 recedit,
1033 2902 1064 2957 et
1094 2899 1145 2956 ille

127 2986 279 3063 sequitur3
302 2989 333 3045 61
355 2988 397 3047 616
418 3006 472 3063 per
494 2987 617 3063 aliquod
637 2990 756 3064 tempus
778 2988 986 3063 praecedentes
1010 2989 1041 3046 et
1061 2988 1143 3045 rede-

127 3079 214 3135 untes
229 3076 314 3135 velut
329 3077 427 3137 cancri
441 3077 589 3148 incedunt,
611 3095 706 3153 usque
722 3077 795 3135 dum
809 3078 901 3137 solem
916 3076 955 3134 ad
970 3075 1144 3135 descensum

128 3168 315 3226 convertunt.
360 3167 400 3226 111
422 3167 541 3241 planeta
563 3166 628 3241 ille,
659 3167 712 3243 qui
740 3166 778 3225 ad
805 3167 954 3225 sinistram
977 3165 1048 3224 solis
1071 3167 1142 3240 erat,

128 3256 172 3314 ibi
203 3259 349 3329 remanet,
383 3258 413 3316 et
440 3255 490 3315 isti
519 3254 578 3314 duo
601 3257 783 3315 comitantur
805 3275 873 3315 eum
895 3258 925 3313 et
948 3254 979 3311 in
1002 3253 1144 3312 descensu

85 3346 230 3404 ssteueut
252 3364 330 3418 eum,
353 3366 390 3405 ne
412 3344 649 3420 supramodum
671 3346 703 3404 iu
726 3344 866 3405 descensu
889 3346 998 3404 currat.
1037 3343 1077 3402 ut
1099 3343 1143 3401 ita

127 3433 242 3493 ducunt
274 3453 343 3494 eum
374 3454 469 3511 usque
498 3433 536 3492 ad
562 3433 680 3510 signum
702 3434 803 3497 leonis.
849 3433 888 3491 111
911 3436 984 3491 tunc
1006 3433 1142 3507 planetae

126 3524 183 3599 illi,
214 3523 267 3598 qui
299 3525 331 3584 in
359 3526 444 3603 signo
472 3523 572 3583 arietis
599 3525 695 3597 erant,
725 3522 768 3581 ibi
799 3522 854 3582 soli
883 3525 1046 3581 occurrunt
1073 3523 1141 3581 sub·
