2460 3862
355 157 497 213 CAUSAE
515 155 561 211 ΕΤ
581 156 704 212 oculu
722 157 790 212 LIB.
809 157 845 211 Π.
1066 162 1105 220 79

87 344 287 416 evacuantur,
312 344 342 400 εὴ
365 341 506 417 quoniam
521 340 677 400 debiliores
697 341 835 400 masculis
851 343 928 416 sunt,
951 359 1020 399 cum
1035 340 1107 399 haec

89 431 214 489 miseria
258 431 418 490 senectutis
456 449 553 506 usque
592 429 629 488 ad
669 430 884 507 octogesimum
926 450 1037 488 annum
1075 431 1106 487 in

88 519 234 578 masculis
266 519 470 595 protrahatur.
524 518 580 578 Sed
610 523 641 578 et
670 520 702 578 in
736 519 913 577 animalibus
946 519 1044 578 brutis
1078 520 1109 577 in

89 611 255 684 augmento
286 610 374 667 lunae
404 609 526 686 sanguis
558 611 686 686 augetur
717 612 747 668 et
773 609 805 667 in
836 609 1014 668 detrimento
1045 609 1109 667 eius

88 698 268 770 minoratur,
291 698 342 757 sed
365 701 464 758 tamen
486 697 605 773 parcius
628 718 718 775 quam
732 698 765 756 in
778 696 957 768 hominibus,
980 699 1135 773 exceptiso

92 787 157 845 illis
180 787 364 862 animalibus,
388 806 464 863 quae
489 787 524 845 de
546 787 653 846 sudore
677 790 706 846 et
727 787 852 846 humore
875 790 970 845 terrae
985 805 1108 846 nascun-

93 879 147 934 tur
170 879 200 934 et
222 876 406 951 nutriuntur,
431 895 507 952 quae
529 876 624 952 magis
647 876 682 935 de
705 895 816 936 veneno
840 879 871 934 ct
885 874 921 934 dc
936 874 1004 934 tabe
1020 894 1108 951 quam

94 965 132 1023 dc
161 966 304 1040 sanguine
333 965 489 1036 exsistunt,
522 969 552 1024 et
578 966 704 1041 exceptis
727 964 870 1041 piscibus,
902 965 955 1040 qui
977 965 1008 1022 in
1032 985 1109 1040 aqua
1158 986 1160 991 ·

94 1054 229 1114 viventes
253 1073 286 1113 ex
303 1073 380 1130 aqua
395 1055 546 1125 exsistunt,
570 1056 621 1131 qui
636 1053 787 1114 modicum
802 1053 976 1131 sanguinem
990 1053 1107 1113 habent.

92 1143 130 1200 In
155 1141 309 1202 arboribus
333 1161 461 1219 quoque,
486 1162 561 1220 quae
583 1145 614 1201 in
636 1144 785 1203 radicibus
809 1144 871 1203 suis
898 1144 1049 1218 frondent,
1076 1143 1108 1201 in
1121 1151 1148 1196 10

96 1235 258 1308 augmento
289 1233 377 1291 lunae
408 1251 512 1292 succus
545 1236 673 1310 augetur
704 1236 734 1292 et
758 1234 790 1292 in
818 1232 994 1292 detrimento
1020 1233 1107 1290 lunae

93 1321 276 1392 minoratur,
305 1325 336 1381 et
362 1321 443 1397 ideo,
471 1321 550 1380 siin
580 1325 738 1398 augmento
768 1323 855 1381 lunae
887 1321 1107 1393 abscinduntur,

91 1414 167 1469 tnnc
188 1414 312 1486 propter
334 1428 455 1470 succum
477 1414 507 1469 et
528 1410 696 1481 humorem,
728 1411 781 1488 qui
807 1412 839 1469 in
865 1411 938 1487 ipsis
960 1411 1107 1483 remansit,

90 1519 107 1557 a
142 1499 294 1558 vermibus
335 1503 365 1559 ct
402 1520 419 1557 a
457 1500 534 1559 carie
572 1501 641 1576 plus
687 1503 916 1575 consumuntur,
959 1519 1048 1575 quam
1083 1499 1108 1556 si

91 1589 124 1646 in
158 1587 334 1648 detrimento
366 1589 455 1648 lunae
486 1589 741 1666 abscinderentur,
773 1590 856 1666 quia,
895 1590 920 1647 si
951 1589 982 1646 in
1014 1588 1147 1646 mino-15

90 1677 206 1736 ratione
236 1678 324 1737 lunae
355 1677 576 1754 abscinduntur,
607 1682 680 1737 tunc
711 1697 798 1738 succo
830 1679 861 1736 in
888 1678 930 1736 eis
953 1679 1106 1736 attenuato

89 1767 311 1842 aliquantulum
343 1768 374 1826 in
406 1768 553 1844 quandam
586 1767 729 1827 duritiam
760 1770 927 1843 vertuntur,
959 1767 1002 1825 ita
1026 1765 1106 1843 quod

87 1874 204 1914 vermes
235 1855 266 1914 in
297 1856 338 1915 eis
370 1859 454 1915 tanto
487 1857 585 1916 minus
617 1860 752 1916 crescunt
783 1860 813 1915 ct
843 1855 923 1932 quod
951 1875 985 1914 ea
1014 1856 1105 1915 caries

91 1947 178 2004 tanto
201 1945 301 2004 minus
323 1945 438 2005 laedere
460 1949 567 2021 potest.

161 2033 206 2092 Dc
228 2035 369 2093 arborum
386 2035 550 2108 putatione.
584 2034 748 2094 Positiones
771 2035 860 2094 ctiam
884 2036 915 2093 et
936 2034 1106 2108 nutationes
1119 2042 1147 2087 ‘lc

91 2122 236 2180 arborum
257 2124 394 2183 meliores
417 2125 488 2183 sunt
510 2122 548 2181 ad
570 2124 762 2183 stabilitatem
777 2125 808 2182 in
824 2123 1002 2183 detrimento
1018 2123 1106 2181 lunae

89 2231 182 2287 quam
203 2212 233 2270 in
258 2215 418 2289 augmento
442 2213 518 2287 eius,
550 2213 691 2288 quoniam
718 2214 743 2272 si
773 2214 804 2271 in
832 2216 991 2289 augmento
1018 2213 1106 2270 lunae

85 2300 173 2376 fiunt,
196 2303 269 2360 tunc
283 2305 406 2377 propter
422 2304 598 2361 crescentem
614 2305 644 2361 et
659 2302 967 2378 superhabundantem
984 2319 1106 2360 succum

86 2389 263 2449 multotiens
285 2390 421 2449 defluunt
445 2394 475 2450 et
496 2391 595 2450 minus
617 2391 728 2450 radices
752 2392 874 2467 capiunt
895 2393 925 2450 et
947 2390 1045 2448 minus
1068 2388 1106 2447 ad

87 2478 261 2554 profectum
283 2479 472 2555 proveniunt,
497 2500 587 2556 quam
609 2480 634 2538 si
656 2480 686 2538 in
711 2480 889 2539 detrimento
912 2480 1000 2538 lunae
1023 2478 1104 2539 fiant,
1118 2488 1145 2532 25

87 2566 164 2625 Nam
189 2567 214 2626 si
237 2569 269 2626 in
293 2568 476 2628 decrescente
499 2569 571 2627 luna
593 2568 682 2645 fiunt,
710 2573 783 2628 tuno
806 2587 892 2628 succo
916 2568 1105 2644 aliquantum

85 2656 234 2716 minorato
256 2658 351 2717 maior
374 2661 403 2717 et
426 2658 535 2717 fortior
557 2658 603 2718 vis
627 2657 768 2717 arborum
795 2658 921 2718 interius
953 2657 1040 2731 latet,
1074 2660 1105 2716 et

84 2746 154 2804 ideo
178 2746 268 2805 citius
289 2747 403 2806 radices
426 2747 548 2823 capiunt
571 2750 601 2806 et
624 2747 818 2807 stabiliuntur
842 2767 931 2822 quam
954 2747 985 2804 in
1002 2765 1105 2822 super-

83 2833 272 2893 habundanti
294 2854 391 2910 succo,
415 2837 487 2912 quia
509 2855 578 2895 cum
601 2839 705 2912 postea
720 2837 897 2896 increscente
912 2837 985 2894 luna
999 2854 1104 2895 succus

83 2927 158 2983 tunc
181 2924 272 2983 etiam
295 2929 325 2984 et
346 2926 465 3002 putatio
488 2926 541 2984 illa
563 2924 726 3002 egreditur.
1115 2934 1143 2978 uo

152 3013 199 3073 De
220 3015 378 3074 uinearum
396 3016 561 3088 putatione.
600 3013 676 3073 (lum
698 3015 788 3074 ctiam
811 3015 949 3091 palmites
971 3015 1041 3074 vitis
1065 3015 1102 3072 ad

84 3102 234 3161 culturam
261 3103 417 3162 vinearum
444 3104 676 3180 abscinduntur,
703 3104 739 3162 ad
768 3105 911 3163 maiorem
938 3104 1102 3163 utilitatem

84 3194 116 3251 et
139 3192 307 3251 ubertatem
328 3193 485 3252 fructuum
507 3193 694 3269 proveniunt,
717 3193 742 3252 si
765 3193 977 3253 abscindantur
999 3193 1031 3250 in
1054 3193 1101 3250 de·

84 3284 232 3340 crescente
258 3282 331 3340 luna
359 3302 449 3358 quam
476 3282 508 3340 iu
535 3285 695 3358 crescente,
728 3282 800 3358 quia
828 3285 941 3360 quanto
969 3282 1037 3358 plus
1069 3281 1101 3338 in

84 3373 245 3446 augmento
265 3371 353 3430 lunae
372 3371 589 3446 inscinduntur,
611 3373 695 3431 tanto
711 3372 781 3448 plus
796 3391 901 3432 succus
916 3373 948 3430 et
962 3370 1099 3429 lacrimae
1112 3379 1140 3423 35

84 3459 116 3517 in
138 3459 209 3535 ipsis
232 3459 369 3520 effluunt.
416 3461 455 3518 Et
482 3461 524 3519 sic
550 3461 621 3520 vitis
649 3461 871 3536 aliquantulum
898 3459 1010 3518 aridior
1033 3459 1098 3534 erit,

85 3566 176 3624 quam
198 3548 224 3608 si
245 3549 278 3608 in
301 3549 478 3610 detrimento
500 3550 590 3611 lunae
617 3550 847 3630 inscinduntur,
872 3549 1023 3630 quoniam
1037 3549 1121 3604 tunc
