2460 3862
347 114 490 170 causet
509 115 555 170 ΕΤ
574 114 696 170 CURAE
715 115 782 173 LIB.
799 115 833 171 11.
1057 119 1101 182 71,

73 300 195 359 talium
218 299 344 382 hominis
366 301 478 360 furtive
500 300 582 377 fugit
605 304 635 359 et
657 300 701 359 ibi
724 299 874 363 remansit.
912 297 969 358 Sed
992 301 1023 358 et
1044 298 1103 357 viri

76 389 147 463 isti,
174 407 249 464 quos
264 389 471 465 praediximus,
494 389 655 465 prudentes
678 392 803 448 suntet
826 388 862 447 ab
877 389 943 448 aliis
957 387 1103 446 timentur

80 482 178 553 atque
209 478 407 554 amplexiones
439 479 476 537 ad
503 479 627 537 feminas
653 476 763 537 habent
790 482 820 538 et
848 479 920 537 alios
947 478 1027 537 viros
1050 477 1101 534 ali-

84 570 239 644 quantum
262 567 394 627 devitare
416 571 447 626 et
469 568 572 644 fugere
595 568 731 643 student,
759 568 830 643 quia
856 567 953 644 magis
980 567 1102 624 feminas

82 676 178 732 quam
194 656 274 715 viros
290 657 430 733 diligunt.
463 656 537 715 Nam
561 656 717 716 femineam
740 657 866 715 formam
888 657 920 713 iu
941 656 1129 715 coniuncti-5

82 765 141 804 one
165 748 228 803 tam
249 745 335 805 valde
357 750 465 816 amant,
489 746 569 822 quod
585 765 615 805 se
635 746 785 804 continere
799 765 859 804 non
874 749 1006 820 possunt,
1030 745 1103 821 quin

83 834 210 910 sanguis
234 853 336 893 eorum
359 854 466 911 magno
490 835 594 894 ardore
621 834 735 910 ardeat,
767 853 835 893 cum
863 834 994 909 aliquem
1020 834 1102 892 femi·

82 943 154 982 nam
178 923 308 982 viderint
330 924 378 983 vel
400 924 549 983 audierint
571 924 620 983 vel
642 942 711 983 cum
733 943 797 982 eam
820 922 1103 999 incogitationibus

83 1013 148 1070 suis
172 1012 208 1070 ad
231 1013 403 1071 memoriam
427 1032 512 1072 suam
534 1013 681 1089 duxerint,
705 1013 776 1089 quia
799 1012 878 1072 oculi
901 1031 1003 1071 eorum
1019 1013 1103 1071 velut

84 1100 214 1178 sagittae
236 1104 305 1160 sunt
328 1102 375 1160 ed.
393 1122 522 1162 amorem
549 1103 689 1175 feminac,
722 1121 790 1161 cum
812 1122 878 1161 eam
900 1101 1040 1175 viderint,
1072 1111 1101 1159 et
1116 1119 1143 1161 10

86 1190 210 1250 auditus
234 1209 337 1249 eorum
359 1192 442 1250 velut
463 1191 663 1251 validissimus
685 1194 800 1265 ventus,
825 1210 893 1250 oum
917 1210 980 1249 eam
1003 1190 1100 1248 audie·

84 1280 161 1351 rint,
195 1281 225 1338 et
256 1280 450 1357 cogitationes
481 1300 584 1340 eorum
617 1281 701 1357 quasi
724 1280 855 1356 procella
883 1283 1100 1355 tempestatum

87 1388 167 1444 quae
190 1369 336 1428 contineri
358 1389 416 1428 non
438 1373 545 1445 potest,
569 1371 641 1446 quin
665 1372 888 1445 superterram
911 1368 1003 1430 cedat.
1047 1367 1102 1427 Isti

85 1458 190 1517 viriles
212 1458 271 1517 viri
293 1463 363 1518 sunt
385 1461 415 1517 et
437 1458 516 1517 fabri
538 1459 570 1516 in
592 1459 747 1518 fertilitate
770 1477 824 1516 sua
846 1461 1004 1531 vocentur,
1032 1457 1102 1533 quie

86 1547 226 1606 ardenter
256 1565 370 1623 semper
401 1548 513 1606 fertiles
543 1554 614 1607 sunt
651 1549 682 1606 iu
714 1548 858 1623 plurimas
897 1551 927 1606 et
958 1546 1102 1622 plurimas
1116 1561 1143 1605 15

87 1636 187 1713 proles
209 1640 245 1695 ut
268 1638 364 1709 arbor,
388 1656 463 1712 quae
485 1637 517 1695 in
539 1657 570 1696 sc
593 1637 739 1713 plurimos
761 1654 858 1696 ramos
880 1636 939 1694 late
961 1635 1101 1694 extendit.

86 1725 128 1785 Et
156 1725 222 1784 ideo
251 1726 341 1784 etiam
369 1726 404 1784 de
431 1745 539 1803 magno
566 1727 647 1803 igne*
662 1726 870 1802 amplexionis,
901 1725 954 1801 qui
976 1725 1008 1782 in
1030 1724 1102 1800 ipsis

86 1819 141 1889 est,
164 1814 249 1874 velut
271 1816 396 1891 sagittae
419 1819 497 1874 sunt.
536 1814 594 1884 Qui
617 1816 643 1874 si
666 1815 902 1875 coniunctionem
925 1814 1102 1873 feminarum

85 1903 209 1974 habent,
241 1906 314 1962 tuno
336 1904 399 1962 sani
422 1908 453 1963 et
474 1904 545 1963 laeti
573 1908 654 1976 sunt;
687 1905 712 1963 si
741 1908 841 1963 autem
872 1904 914 1963 eis
945 1903 1101 1974 caruerint,

85 1996 162 2052 tunc
187 1993 219 2050 in
245 1996 338 2052 semet
364 1993 437 2069 ipsis
466 1998 602 2053 arescunt
624 1998 654 2052 et
678 1994 764 2070 quasi
786 1992 957 2052 moribundi
979 1993 1101 2060 vadunt,
1115 2005 1144 2050 20

86 2081 146 2140 nisi
170 2085 223 2140 aut
246 2101 281 2140 ex
304 2083 510 2158 superfluitate
532 2083 715 2142 somniorum
738 2087 791 2141 aut
811 2082 1027 2159 cogitationum
1050 2085 1103 2140 aut
1175 2076 1179 2082 ’

86 2171 284 2247 perversitate
301 2172 422 2230 alterius
437 2172 481 2230 rei
497 2191 632 2248 spumam
648 2172 767 2231 seminis
783 2172 830 2230 sui
846 2171 882 2229 de
898 2190 928 2230 se
943 2170 1102 2241 excutient,

87 2260 162 2336 quia
183 2260 321 2319 intanto
344 2260 449 2320 ardore
471 2260 603 2320 libidinis
627 2264 709 2337 sunt,
733 2261 814 2336 quod
837 2261 928 2319 etiam
952 2259 1103 2319 interdum

86 2350 124 2408 cd
149 2349 281 2425 aliquam
303 2349 503 2409 insensibilem
525 2352 700 2425 creaturam,
729 2370 805 2426 quae
828 2368 886 2408 non
909 2349 994 2420 vivit,
1022 2366 1100 2406 acce·

86 2438 165 2496 dunt
187 2441 218 2496 11
240 2456 271 2496 11
293 2438 340 2497 illi
361 2439 405 2498 ite
427 2442 632 2516 contorquent,
657 2439 738 2516 quod
761 2458 791 2498 se
815 2438 851 2496 ab
876 2438 977 2496 eodem
997 2437 1101 2495 erdere
1114 2450 1141 2494 15

87 2528 176 2603 quasi
204 2527 385 2587 defendendo
413 2531 444 2587 et
472 2529 637 2587 alleviando
660 2548 797 2604 spumam
820 2527 937 2585 seminis
961 2526 1103 2585 emittunt

88 2617 121 2674 in
144 2617 198 2675 illa
221 2616 344 2675 libidine
367 2621 396 2676 et
415 2636 511 2693 poena
525 2618 646 2692 ardoris,
671 2637 747 2694 quae
762 2618 794 2674 in
808 2617 880 2692 ipsis
897 2619 950 2690 est,
974 2614 1102 2690 fatigati,

87 2706 231 2782 quoniam
259 2705 331 2782 ipsis
353 2707 533 2765 continentie
555 2707 654 2782 gravis
677 2709 729 2765 est.
775 2705 859 2764 Unde
882 2705 908 2762 si
930 2704 981 2763 isti
1003 2704 1104 2780 aliqua

85 2794 262 2854 necessitate
295 2813 348 2853 seu
370 2795 493 2871 pudoris
525 2814 577 2855 seu
603 2796 720 2854 timoris
748 2814 800 2854 seu
823 2795 930 2852 amoris
954 2794 1001 2852 dei
1024 2813 1100 2853 com·

87 2884 170 2959 pulsi
193 2883 332 2943 mulieres
355 2885 459 2961 fugere
482 2885 644 2959 voluerint,
673 2903 720 2943 eas
744 2887 781 2943 ut
802 2903 948 2942 venenum
971 2883 1143 2943 devitent30

87 2977 118 3032 et
146 2973 278 3049 fugiant,
308 2973 379 3049 quia
407 2973 527 3032 difficile
556 2978 586 3032 et
612 2975 663 3033 vix
685 2974 749 3032 ulle
770 2973 937 3032 reverentia
959 2976 990 3031 et
1012 2973 1102 3032 conti-

88 3062 191 3121 nentia
213 3063 294 3138 ipsos
317 3062 449 3122 inhibere
472 3064 596 3138 poterit,
625 3063 698 3139 quin
726 3063 850 3121 feminas
877 3063 1102 3138 amplectentur,

86 3169 156 3211 cum
179 3169 228 3209 eas
250 3151 388 3211 viderint.
430 3151 572 3212 Homines
596 3155 704 3223 eutem,
729 3152 783 3228 qui
805 3151 841 3210 de
863 3150 910 3210 his
932 3154 1102 3221 nascuntur,

85 3240 263 3299 multotiens
286 3242 406 3300 acerbos
428 3260 524 3300 mores
546 3241 656 3299 habent
679 3245 709 3300 11
731 3241 944 3300 incontinentes
976 3240 1006 3297 in
1037 3239 1101 3297 libi-

87 3329 156 3388 dine
185 3332 257 3388 11111
285 3332 314 3388 11
341 3332 404 3388 tam
430 3331 561 3406 perversi
587 3331 618 3389 in
646 3331 778 3389 moribus
806 3329 867 3388 suis
894 3330 931 3387 ed
958 3328 1102 3386 humanos
1115 3339 1142 3383 35

87 3437 185 3479 mores
208 3420 288 3489 sunt,
311 3420 396 3478 velut
417 3419 552 3478 informis
576 3420 671 3478 forme
695 3422 747 3491 est,
776 3438 851 3494 quae
874 3437 908 3476 ex
930 3417 1051 3475 informi
1073 3419 1103 3474 11

86 3508 157 3585 igne
184 3507 246 3567 fere
268 3508 421 3567 combusto
443 3509 525 3586 ligno
548 3509 703 3586 formatur,
727 3509 765 3568 ad
786 3506 1018 3567 similitudmem
1033 3506 1104 3580 pul·
