2460 3862
320 123 461 178 CAUSAE
480 121 526 177 ΕΤ
545 120 818 178 0000001010.
1017 125 1079 186 211

58 326 115 368 eos
136 308 307 370 mortificat.
338 307 377 366 Et
392 308 483 366 etiam
504 307 576 367 haec
599 308 695 366 calore
718 306 814 366 mellis
837 309 868 366 et
891 306 965 365 forti
987 306 1083 365 calore

52 395 149 474 longi
171 397 290 473 piperis,
315 397 367 473 qui
390 397 486 456 calore
510 397 561 455 alii
582 396 693 473 piperis
716 397 823 456 fortior
838 398 890 468 est,
914 399 944 455 et
967 395 1083 472 frigidi·

53 489 127 546 tate
155 486 276 546 basiliae
304 490 509 561 temperantur
537 489 566 544 at
594 486 719 544 alterato
752 486 849 545 calore
882 485 1083 545 accenduntur

55 580 96 635 at
117 577 149 634 in
172 575 268 635 fictile
291 594 343 635 vas
365 577 527 651 ponuntur,
550 594 586 633 ne
608 575 640 633 in
662 575 787 634 mollitie
803 577 986 650 putrescant3
1012 572 1080 633 **in

55 665 166 725 ieiuno
191 667 221 723 et
243 683 350 740 pranso
372 667 490 723 sument
512 664 664 740 pediculos
687 664 878 740 extinguunt,
910 663 991 740 quod
1013 675 1111 723 cums

58 753 156 813 horno
185 754 302 812 ieiunus
325 755 469 829 poculum
490 753 570 812 huno
592 753 691 829 sumit,
714 753 867 828 pediculos
889 754 920 811 in
944 771 978 811 eo
995 753 1085 812 eitius

63 843 226 920 extinguit,
250 845 281 901 et
296 861 365 901 oum
379 861 504 919 pransus
521 862 591 901 eum
606 842 706 912 sumit,
728 843 867 901 humores
889 842 1031 914 ciborum,
1047 843 1083 903 de

65 933 179 1009 quibus
201 931 332 1008 pediculi
355 935 525 1006 naseuntur,
550 934 751 992 attenuantur.

136 1016 262 1104 [Contra
284 1021 451 1084 lumbricos.
491 1014 630 1099 1)Aeeipe
654 1040 775 1081 succum
796 1020 1032 1080 traduceretur
1054 1023 1085 1078 et

70 1129 192 1169 succum
223 1110 347 1169 wallone
377 1111 443 1186 pari
476 1110 607 1186 pondere
634 1114 665 1169 et
691 1129 812 1169 succum
840 1110 876 1169 de
904 1109 983 1168 toliis
1005 1109 1125 1184 nuci,1o

69 1202 218 1275 quantum
250 1199 371 1258 illorum
403 1199 532 1259 duorum
570 1201 627 1274 est,
666 1200 712 1258 rel
752 1200 777 1257 si
815 1199 887 1277 ¹folia
923 1198 993 1257 nuci
1025 1217 1085 1257 non

68 1287 215 1360 habueris,
227 1288 300 1347 tolle
316 1291 433 1348 tantum
445 1288 525 1348 succi
537 1287 573 1346 de
589 1289 697 1348 cortice
712 1288 842 1348 eiusdem
858 1288 977 1359 arboris,
994 1287 1025 1344 id
1041 1290 1085 1346 est

67 1378 145 1453 nuci,
178 1379 208 1436 et
230 1377 380 1437 modicum
408 1379 484 1437 aceti
512 1377 586 1436 adde
616 1380 646 1435 et
677 1378 843 1454 plurimum
874 1377 970 1436 mellis
997 1380 1028 1435 et
1053 1376 1084 1434 in

68 1484 144 1526 nora
167 1466 226 1525 olla
252 1467 299 1525 fac
321 1467 434 1526 fervere
467 1470 496 1525 et
524 1485 660 1543 spumam
683 1467 819 1543 superius
846 1467 936 1542 abice,
964 1469 1085 1524 etcum

69 1555 251 1627 efferbuerit,
286 1556 321 1614 de
343 1557 412 1633 igne
434 1557 516 1617 tolle.
561 1556 600 1614 Et
622 1575 676 1631 per
699 1556 831 1632 quinque
854 1556 916 1614 dies
938 1555 997 1627 illi,
1031 1556 1084 1631 qui
1098 1568 1126 1614 1'5

68 1645 185 1720 patitur
208 1663 320 1704 vermes
342 1646 373 1704 in
396 1650 510 1719 ventre,
539 1644 577 1703 da
598 1645 629 1703 in
651 1648 726 1719 potu
749 1645 862 1704 modice
885 1645 998 1715 ieiuno,
1033 1645 1085 1703 sed

67 1737 137 1808 post
161 1734 262 1792 cibum
284 1735 464 1794 sufficienter
485 1727 590 1815 bibat]

134 1824 181 1882 De
204 1823 322 1885 calculo.
368 1816 394 1901 2)
423 1823 480 1893 Qui
503 1823 650 1883 calculum
682 1824 713 1881 in
735 1842 765 1882 se
787 1823 889 1898 habet,
920 1841 1020 1882 reeens
1042 1822 1084 1882 fel

67 1911 182 1971 iuvenis
210 1913 291 1970 tauri
319 1912 444 1987 accipiat
474 1916 503 1971 et
525 1912 570 1971 bis
592 1915 710 1971 tantum
735 1913 770 1972 de
793 1913 936 1990 sanguine
967 1912 1030 1970 eius
1053 1915 1084 1971 et

67 1999 138 2060 haee
161 2001 285 2060 exsiccet
308 2020 342 2060 ao
364 2004 463 2060 sumat
486 2002 575 2060 etiam
598 2002 763 2060 saxifricam
786 2006 816 2061 et
831 2002 996 2079 pulverizet
1019 2015 1124 2060 eamuo

68 2093 96 2149 et
124 2090 161 2149 de
188 2090 311 2166 pulvere
340 2091 396 2150 hoc
425 2093 544 2150 tanturn
576 2091 677 2162 tollat,
712 2096 860 2168 quantum
887 2092 964 2151 fellis
992 2091 1082 2150 huius

67 2182 118 2251 est
142 2182 172 2238 et
194 2179 225 2236 in
246 2180 386 2238 subtilem
408 2180 582 2254 panniolum
603 2180 693 2239 simul
708 2181 784 2257 liget
798 2183 828 2240 at
850 2181 936 2240 sicin
952 2180 1031 2239 forte
1055 2183 1085 2238 et

67 2268 180 2328 bonum
202 2286 236 2326 ao
258 2288 369 2345 purum
391 2269 495 2327 vinum
509 2272 601 2343 ponat
618 2275 708 2345 atque
723 2270 766 2330 ita
781 2271 951 2346 frequenter
966 2269 1083 2327 ieiunus

68 2357 150 2416 hibat
173 2360 203 2415 et
225 2357 315 2415 simili
330 2358 427 2432 modo,
450 2361 610 2434 postquam
627 2358 795 2434 comederit,
818 2377 878 2418 non
893 2361 993 2416 autem
1008 2357 1086 2416 infra

67 2445 181 2517 aihum,
214 2446 353 2522 quoniam
389 2446 419 2504 a'
436 2447 501 2506 oibo
535 2450 766 2506 consumeretur.
818 2446 893 2505 Nam
916 2446 1083 2506 amaritudo
1097 2459 1125 2505 25

67 2536 145 2595 fellis
166 2535 257 2594 huius
280 2555 348 2594 oum
371 2536 467 2595 calore
490 2537 617 2612 praefati
640 2536 792 2612 sanguinis
820 2539 850 2594 et
878 2555 946 2595 cum
968 2535 1083 2611 frigidi·

67 2628 130 2684 tate
154 2624 307 2683 saxifrioae
330 2628 421 2701 atque
448 2644 516 2684 oum
544 2626 640 2684 calore
666 2625 729 2684 vini
752 2628 915 2700 temperata
943 2625 1079 2700 eoagula-

65 2714 177 2773 tionem
200 2713 307 2772 calculi
328 2715 358 2772 in
382 2714 500 2773 homine
523 2714 667 2777 dissolvit.

131 2803 178 2862 De
200 2803 291 2876 lepra.
340 2795 431 2880 3jQui
460 2803 496 2861 de
528 2804 689 2880 gulositate
721 2807 751 2863 et
778 2804 920 2864 ebrietate
947 2804 1083 2880 leprosus

66 2891 206 2966 efficitur,
229 2895 342 2952 stercus
364 2892 558 2951 hirundinum
581 2893 706 2968 accipiat
728 2897 758 2952 et
780 2896 884 2969 quater
905 2896 1022 2953 tantum
1046 2893 1081 2953 de
1094 2904 1122 2950 30

65 2981 166 3057 herba,
190 2999 265 3056 quae
288 2982 377 3058 lappa
400 2982 523 3052 dicitur,
554 2982 661 3041 rubeos
684 2982 771 3042 floras
794 2983 963 3057 habentem,
997 2986 1027 3041 et
1049 3003 1082 3041 ex

64 3071 110 3130 his
138 3070 293 3146 pulverem
321 3070 424 3143 faoiat;
456 3071 589 3130 arvinam
611 3090 731 3148 quoque
754 3072 882 3132 ciconiae
905 3072 1031 3146 accipiat
1052 3075 1082 3130 et

66 3159 217 3218 modicum
239 3160 307 3236 plus
332 3160 450 3219 arvinae
473 3161 604 3219 vulturis
628 3161 751 3219 ethaeo
773 3161 803 3219 in
826 3162 974 3237 sartagine
990 3159 1081 3219 frixet

65 3252 95 3307 et
117 3248 175 3307 hoc
197 3248 276 3308 facto
299 3249 483 3324 praedictum
510 3251 665 3325 pulverem
693 3253 722 3308 et
749 3250 900 3309 modicum
930 3249 1082 3325 sulphuris

139 3458 159 3521 o
178 3457 303 3512 v.e-1r
319 3476 391 3528 =p.
407 3454 794 3527 210‚1·s.-2)V·18-25=
811 3439 1080 3526 008001003οᾂ-

63 3527 86 3598 3)
100 3548 125 3583 v.
140 3529 237 3598 ss-p.
257 3528 331 3593 emt
353 3554 385 3573 =
404 3527 501 3598 usgue
521 3528 591 3583 raes
606 3529 706 3582 n-a.

939 3615 999 3668 iar
