2438 3854
322 139 463 196 CAUSAE
482 139 528 194 ΕΤ
546 138 670 210 CURAE
687 139 754 194 LIB.
773 138 807 192 ΙΙ.
1008 141 1070 201 153

55 346 126 386 cum
147 325 279 401 periculo
309 325 482 402 sangninem
514 325 624 385 evomit
647 328 678 383 et
703 325 829 384 interius
857 324 972 387 arescit.
1016 321 1073 382 Sed

55 418 85 475 et
118 413 278 490 aliquando
310 415 382 474 meli
412 413 560 488 humores,
593 414 646 490 qui
677 415 783 490 aquosi
813 417 844 473 et
865 417 969 474 tenues
993 415 1072 483 sunt,

54 502 321 580 superhabundant
343 506 374 564 in
396 504 515 564 homine
539 506 569 562 et
596 504 733 579 sanguini
756 522 899 562 venarum
928 503 960 562 in
993 505 1073 561 recto

55 597 159 652 meatu
181 612 236 653 sno
259 594 408 653 obsistunt
431 597 461 652 et
484 593 657 670 sangninem
677 593 739 652 sine
768 593 916 670 egestione
940 590 1075 650 ciborum

54 703 111 759 per
134 683 299 757 posteriora
320 683 445 742 transire
467 683 583 742 faciunt
610 685 640 741 et
667 683 791 741 eundem
823 679 974 741 bominem
995 680 1101 756 peri-⁵

55 774 125 833 culo
150 773 346 832 substernunt
363 791 402 840 ,ac
425 791 493 831 eum
516 773 547 830 in
571 771 739 831 ariditatem
766 771 846 830 vitae
874 772 997 830 ducunt.
1043 769 1074 828 si

57 864 162 921 antem
184 881 238 938 per
259 862 424 938 posteriora
445 881 515 920 cum
537 862 702 939 egressione
725 860 860 920 ciborum
883 859 991 937 egressi
1013 859 1074 917 fue·

54 952 129 1025 rint,
153 951 279 1010 eundem
293 950 443 1010 hominem
457 951 630 1010 multotiens
646 954 777 1028 purgant
796 953 827 1010 et
847 949 967 1008 sanitati
986 948 1074 1006 resti-

55 1043 160 1101 tnunt.
201 1039 329 1112 Quidam
351 1059 422 1100 vero
445 1041 577 1100 homines
600 1044 715 1100 tantam
732 1039 963 1098 amaritudinem
979 1035 1076 1095 cordis

57 1134 90 1190 et
113 1129 329 1206 cogitationum
351 1129 383 1188 in
405 1149 436 1189 se
455 1129 570 1197 habent,
594 1132 676 1206 quod
692 1128 792 1189 eadem
808 1127 976 1188 amaritudo
993 1127 1076 1201 splen
1090 1130 1117 1175 10

58 1219 240 1297 constringit
267 1222 298 1277 et
325 1219 460 1293 arefacit,
491 1220 569 1278 unde
598 1222 627 1278 et
649 1218 745 1278 bonus
768 1237 885 1290 succus,
915 1217 966 1292 qni
994 1215 1077 1291 splen

57 1312 200 1387 vegetare
222 1307 350 1384 deberet,
374 1309 411 1367 ad
433 1309 605 1385 pulmonem
627 1327 681 1385 per
703 1309 814 1368 iniusta
828 1308 956 1367 intinere
970 1304 1078 1364 transit

58 1401 91 1458 et
114 1398 158 1456 ibi
181 1395 333 1478 quandam
356 1399 571 1458 concretionem
595 1417 663 1456 oum
686 1397 831 1475 sanguine
853 1400 948 1473 parat,
977 1397 1007 1454 et
1034 1394 1078 1452 ita

58 1489 152 1548 homo
175 1487 227 1545 ille
250 1487 424 1546 multotiens
447 1506 515 1546 cum
541 1487 676 1562 periculo
704 1487 877 1564 sanguinem
906 1487 1021 1544 excreat
1048 1485 1078 1541 et

60 1576 184 1637 evomit.
229 1573 287 1634 sea
310 1575 361 1633 alii
384 1577 517 1636 homines
541 1579 619 1647 sunt,
643 1577 697 1652 qni
719 1577 804 1635 triste
827 1577 857 1633 et
880 1592 1011 1633 maerens
1028 1591 1077 1632 cor
1091 1581 1118 1626 15

60 1685 149 1742 saepe
171 1664 287 1741 habent,
322 1668 352 1724 et
380 1665 482 1724 eadem
508 1665 632 1724 tristitia
654 1665 809 1724 interiores
841 1664 971 1738 venulas,
991 1680 1078 1738 ⁴quae

60 1754 237 1831 sangninem
260 1773 315 1830 per
338 1773 444 1831 corpus
467 1755 576 1827 ferunt,
601 1755 784 1831 constringit,
807 1754 851 1812 ita
874 1754 954 1830 quod
978 1753 1079 1828 aliqua

62 1863 169 1904 eorum
191 1842 397 1920 permodicum
418 1845 602 1904 vulneratur.
647 1844 732 1903 Unde
755 1847 785 1903 εὴ
812 1844 864 1902 illa
888 1845 991 1919 guttas
1016 1860 1080 1900 san·

62 1934 165 2011 guinis
188 1932 226 1990 ad
248 1933 392 1992 interiora
413 1934 560 2010 paulatim
581 1933 691 2009 fundit,
724 1936 753 1992 εὴ
777 1933 819 1991 ita
841 1931 929 1992 homo
952 1932 1004 1990 ille
1027 1929 1080 1988 ali·

64 2022 185 2099 quando
209 2022 383 2098 sanguinem
405 2023 523 2095 evomit,
554 2022 605 2082 sed
635 2025 794 2100 postquam
824 2022 904 2081 idem
927 2021 1080 2080 lenitatem
1093 2028 1121 2072 20

64 2115 95 2171 et
118 2112 265 2170 laetitiam
287 2112 394 2171 mentis
416 2112 570 2188 receperit,
599 2113 700 2172 eadem
732 2111 841 2172 venula
864 2112 902 2169 ad
925 2110 1080 2169 sanitatem

63 2200 152 2275 redit,
175 2202 206 2260 et
227 2201 271 2259 ite
292 2201 382 2260 homo
404 2202 455 2260 ille
478 2221 496 2259 a
517 2201 634 2261 vomitu
655 2201 807 2278 sanguinis
831 2204 931 2260 cessat.
967 2260 970 2266 ,

133 2290 181 2349 Dc
202 2291 384 2350 abstinentia
404 2286 582 2351 indiscreto.
615 2290 690 2349 (ium
712 2309 782 2350 vero
806 2288 928 2366 quidam
950 2286 1081 2345 homines

64 2380 303 2456 supramodum
326 2380 357 2440 in
385 2380 458 2439 cibis
481 2380 660 2440 abstinentes
683 2383 761 2455 sunt,
792 2381 836 2437 ita
865 2378 944 2453 quod
971 2377 1082 2434 iustam

65 2472 96 2528 et
131 2472 341 2546 congruentem
374 2470 563 2529 refectionem
603 2470 738 2528 ciborum
776 2468 893 2542 corpori
931 2483 984 2524 sno
1022 2482 1081 2522 non
1094 2471 1122 2516 25

64 2559 216 2630 tribuunt,
240 2561 271 2616 et
293 2577 361 2618 cum
384 2560 473 2618 etiam
495 2559 548 2618 alii
570 2558 721 2618 instabiles
745 2560 775 2617 et
797 2557 876 2616 leves
896 2557 927 2613 in
949 2552 1082 2612 moribus

64 2648 128 2707 suis
158 2651 229 2706 sunt
261 2650 292 2707 et
315 2648 369 2706 elii
391 2649 495 2708 multis
519 2651 550 2707 et
572 2648 689 2724 magnis
716 2644 913 2722 languoribus
937 2640 1082 2718 occupati,

65 2740 141 2796 tunc
163 2737 323 2813 aliquando
346 2739 507 2814 contingit,
540 2736 622 2813 quod
644 2736 728 2795 velut
754 2736 944 2811 tempestates
967 2733 999 2790 in
1022 2748 1083 2790 cor·

65 2825 190 2903 poribus
213 2826 336 2886 illorum
359 2827 506 2901 oriuntur,
530 2845 598 2885 eum
614 2826 765 2900 elementa,
789 2843 864 2900 quae
886 2823 917 2881 in
940 2822 981 2880 eis
1004 2821 1083 2895 sunt,

66 2916 99 2974 in
133 2915 317 2974 contrarium
348 2916 471 2974 modum
505 2917 674 2974 vertuntur.
729 2911 805 2972 Nam
839 2932 907 2972 cum
941 2912 1019 2988 ignis
1053 2913 1083 2968 et
1097 2915 1127 2960 30

67 3024 147 3080 aqua
169 3005 200 3062 in
224 3005 384 3080 praedictis
400 3004 569 3063 hominibus
585 3004 641 3062 sibi
657 3003 784 3062 invicem
798 3004 975 3079 repugnent,
999 3018 1084 3074 saepe

67 3093 224 3170 contingit,
248 3095 336 3152 utin
359 3093 460 3169 aliqua
482 3093 656 3169 compagine
677 3092 880 3151 membrorum
902 3091 949 3151 vel
972 3091 1003 3148 in
1027 3089 1085 3146 alia

66 3183 169 3258 aliqua
201 3186 287 3259 parte
317 3183 449 3258 corporis
481 3183 538 3241 sibi
569 3185 768 3258 repugnantes
799 3184 955 3240 occurrant
984 3182 1014 3238 et
1041 3176 1083 3235 ibi

67 3273 224 3348 pustulam
246 3291 314 3331 cum
336 3275 455 3331 tumore
479 3272 573 3330 earnis
601 3289 757 3348 exsurgere
788 3271 906 3331 faciant.
951 3270 991 3328 nt
1013 3267 1084 3324 bueo

67 3362 192 3437 pustula
214 3361 308 3422 trium
330 3380 474 3438 generum
497 3364 549 3424 est.

135 3452 181 3510 Dc
196 3450 434 3525 apostematibus,
465 3447 540 3509 Nam
557 3450 700 3525 quaedam
717 3453 761 3509 est
783 3451 867 3508 velut
889 3448 983 3525 nigra,
1007 3466 1020 3504 o

67 3541 104 3600 de
127 3540 219 3601 nimia
243 3540 423 3600 fortitudine
446 3539 525 3616 ignis
547 3538 725 3616 inturgescit
747 3542 776 3598 et
792 3538 958 3615 periculum
973 3536 1012 3597 hc
