2460 3862
350 108 492 165 CAUSAE
512 108 558 163 ΕΤ
578 107 701 167 ocean
718 108 786 163 LIB.
806 107 841 163 Π.
1062 111 1103 170 47

79 296 171 355 bunt.
222 292 298 352 Nam
327 294 359 352 in
391 295 561 370 splendore,
593 314 684 372 quem
716 296 788 353 tunc
820 291 913 351 sancti
942 290 1104 361 habebunt,

80 386 186 444 sancta
214 403 304 458 opera
331 383 450 460 fulgent
479 387 510 443 et
537 385 636 461 posita
664 386 747 459 sunt,
778 386 815 442 ut
841 380 966 459 pretiosi
992 380 1106 456 lapides

80 474 115 533 in
139 492 213 533 auro
236 477 397 548 ponuntur.

156 562 256 637 Quare
278 567 349 625 Eoo
367 563 458 635 prius
481 563 592 624 cecidit.
626 561 684 621 Sed
707 564 737 620 et
753 561 779 620 si
792 560 890 619 Adam
906 564 1105 637 transgressus

82 652 191 711 firisset
213 652 298 727 prius
322 670 412 728 quam
433 652 510 728 Eva,
544 661 615 711 tune
642 649 837 727 transgressio
859 650 997 708 illatam
1019 650 1133 710 fortiss

81 745 116 801 et
147 743 208 799 tam
236 741 449 817 incorrigibilis
475 741 592 813 luisset,
626 741 707 817 quod
739 740 827 799 bomo
860 739 949 798 etiam
980 739 1012 797 in
1042 743 1105 798 tam

81 849 197 906 magna
229 830 424 889 obduratione
451 829 722 907 incorrigibilitatis
745 829 907 903 cecidisset,
940 827 1021 904 quod
1052 848 1105 888 nec

82 918 196 980 salvari
228 919 319 978 vellet
352 938 405 979 nec
436 923 544 995 posset.
589 918 675 978 Unde
703 918 784 995 quod
810 918 874 978 Eva
900 917 984 993 prior
1010 919 1104 976 trans·

77 1008 294 1086 gradiebatur,
325 1008 444 1067 facilius
472 1008 564 1067 deleri
590 1008 704 1084 potuit,
740 1008 812 1084 quia
846 1007 935 1067 etiam
963 1007 1105 1082 fragilior

83 1097 219 1156 masculo
243 1097 312 1160 fuit.
358 1096 433 1157 Sero
465 1101 495 1157 et
523 1097 600 1157 cutis
627 1097 709 1155 Adae
736 1097 844 1156 fortior
867 1100 898 1155 et
920 1097 1024 1155 durior
1045 1096 1105 1155 fuit
1119 1106 1147 1151 10

83 1206 181 1265 quam
203 1187 359 1245 bominum
381 1205 461 1246 nunc
483 1187 535 1258 sit,
567 1186 640 1262 quia
665 1186 764 1245 Adam
792 1186 827 1244 de
854 1189 934 1245 terra
957 1186 1104 1244 formatus

84 1276 149 1335 fuit
171 1277 201 1334 et
223 1276 286 1335 Eva
309 1276 344 1335 de
366 1277 441 1352 ipso.
479 1274 537 1334 Sed
559 1278 720 1352 postquam
742 1276 819 1335 filios
842 1278 1018 1352 genuerunt,
1037 1293 1104 1334 caro

83 1366 213 1425 illorum
244 1384 360 1441 semper
390 1369 421 1424 et
443 1384 559 1441 semper
581 1365 719 1442 fragilior
741 1366 772 1422 et
792 1365 929 1442 fragilior
951 1365 1030 1423 facte
1052 1367 1105 1440 est,

82 1456 116 1513 et
140 1455 184 1513 ita
206 1455 356 1531 usquein
379 1455 572 1514 novissimum
597 1455 675 1513 diem
698 1454 764 1517 erit.
799 1494 800 1498 ,

153 1545 201 1603 Dc
225 1542 345 1606 diluvic.
392 1543 468 1603 Sum
496 1547 596 1603 autem
624 1543 721 1601 Adam
745 1543 780 1602 de
803 1542 940 1618 paradiso
964 1543 1104 1618 expulsus
1118 1553 1145 1601 15

82 1635 144 1705 est,
178 1652 257 1708 aqua
288 1636 357 1691 ante
386 1632 535 1693 diluvium
562 1636 662 1692 tantae
688 1632 854 1692 velocitatis
879 1632 911 1689 in
939 1649 1027 1691 eursu
1050 1648 1104 1690 suo

82 1741 143 1781 non
169 1724 234 1780 erat
256 1740 309 1780 nec
330 1725 430 1781 tantae
452 1722 642 1799 liquiditatis,
665 1723 702 1779 ut
723 1725 826 1797 postea
848 1721 927 1780 faeta
950 1727 1002 1781 est.
1047 1719 1105 1778 Sed

82 1830 177 1886 supra
200 1829 229 1870 se
254 1811 339 1887 quasi
361 1811 564 1870 membranam
586 1810 726 1887 habebat,
757 1811 837 1888 quod
870 1829 940 1871 eum
968 1810 1103 1887 aliquan·

81 1901 186 1960 tulum
208 1900 387 1977 retardabat,
411 1900 455 1960 ite
478 1900 559 1978 quod
581 1900 728 1976 paulatim
750 1900 870 1962 fluebat.
901 1898 958 1959 Sed
981 1901 1011 1957 et
1024 1902 1104 1958 terra

84 1994 159 2050 tune
180 2008 239 2048 non
261 1989 321 2048 fuit
343 1989 449 2048 limosa
471 1990 523 2049 sed
546 2007 630 2049 arens
657 1992 748 2065 atque
775 1989 904 2066 fragilis,
937 1988 1019 2065 quod
1051 2006 1104 2065 per
1118 1997 1146 2042 20

84 2096 195 2155 aquam
218 2078 351 2137 nondum
373 2080 524 2138 transfusa
551 2079 620 2144 fuit.
665 2076 724 2137 Sed
754 2078 790 2137 de
821 2079 918 2154 primo
947 2079 1103 2154 praecepto

84 2169 219 2226 fructum
242 2168 478 2243 supramodum
501 2167 599 2229 dabat.
642 2167 726 2227 Tunc
749 2168 839 2226 etiam
861 2167 995 2227 homines
1018 2166 1104 2226 obliti

84 2260 171 2317 erant
194 2257 291 2333 deum,
315 2257 358 2315 ita
381 2258 463 2333 quod
485 2259 554 2332 plns
577 2256 739 2316 secundum
763 2275 870 2333 pecora
894 2276 982 2333 quam
1003 2274 1103 2316 seeun-

85 2347 160 2406 dum
194 2345 283 2404 deum
311 2345 467 2407 faciebant.
513 2345 600 2404 Unde
630 2346 720 2404 multi
751 2346 847 2423 magis
878 2364 987 2420 pecora
1014 2364 1103 2421 quam

83 2435 222 2495 homines
246 2435 418 2512 diligebant,
439 2436 483 2495 ita
506 2434 587 2513 quod
610 2436 700 2494 etiam
722 2435 878 2511 pecoribus
900 2437 962 2493 tam
978 2434 1103 2492 feminae
1116 2440 1144 2488 25

84 2544 178 2602 quam
202 2543 298 2583 mares
322 2524 378 2584 tali
400 2525 488 2585 modo
512 2524 778 2584 commiscebantur
793 2528 822 2583 et
837 2522 1103 2598 communicabant,

84 2613 171 2691 quod
196 2613 297 2690 imago
327 2614 375 2672 dei
402 2614 463 2672 iam
490 2633 583 2690 paene
605 2614 637 2672 in
661 2615 702 2674 eis
725 2614 868 2672 destituta
890 2613 951 2672 fuit
974 2611 1016 2691 [in
1039 2612 1104 2686 eis].

83 2703 123 2763 Et
158 2721 244 2762 omne
276 2722 369 2779 genus
403 2703 567 2761 humanum
597 2703 628 2761 in
655 2705 787 2762 monstra
813 2705 1048 2761 transmutatum
1074 2703 1105 2760 et

82 2791 345 2868 transformatum,
376 2793 419 2852 ita
450 2792 530 2869 quod
558 2792 646 2850 etiam
670 2792 765 2868 aliqui
787 2792 919 2851 homines
941 2792 1105 2851 secundum

84 2880 194 2941 bestias
211 2899 306 2940 mores
322 2883 352 2940 et
367 2900 452 2941 voees
468 2899 536 2941 suas
546 2881 707 2941 formantes
720 2882 938 2942 constituebant
949 2881 1102 2953 currendo,
1116 2887 1145 2934 ³0

86 2969 234 3029 ululando
258 2973 289 3028 et
310 2970 447 3032 vivendo.
481 2968 556 3028 Nam
579 2969 689 3030 bestiae
704 2975 735 3030 et
749 2990 856 3046 pecora
871 2975 939 3031 ante
955 2971 1103 3031 diluvium

85 3063 188 3120 mutae
211 3059 380 3134 asperitatis
403 3059 536 3119 nondum
559 3059 695 3132 fuerunt,
725 3062 762 3118 ut
790 3062 893 3136 postea
919 3060 998 3119 facte
1025 3062 1103 3119 sunt

84 3148 109 3208 N
112 3169 146 3209 eo
171 3148 306 3208 homines
320 3149 373 3207 illa
387 3168 440 3209 nec
455 3149 507 3208 illa
521 3148 655 3209 homines
671 3149 834 3227 fugiebant,
857 3168 910 3208 nec
925 3149 962 3208 ab
977 3148 1102 3208 invicem

85 3238 229 3303 exterrita
255 3238 387 3302 fuerunt.
432 3236 490 3297 Sed
517 3237 628 3297 bestiae
656 3241 687 3297 et
714 3257 821 3314 pecora
844 3257 912 3298 cum
933 3236 1103 3297 hominibus

84 3328 214 3388 libenter
236 3328 394 3387 manebant
417 3330 448 3387 et
473 3327 608 3386 homines
636 3346 704 3387 eum
731 3329 805 3400 illis,
838 3327 919 3404 quod
951 3326 1040 3385 etiam
1071 3325 1102 3382 in
1116 3333 1144 3380 35

84 3418 183 3492 primo
216 3420 287 3477 ortu
316 3417 406 3477 simul
434 3417 579 3494 originem
610 3435 702 3492 paene
739 3421 938 3491 sumpserunt.
984 3412 1042 3473 Sed
1074 3416 1104 3472 et

83 3504 194 3567 bestiae
217 3509 247 3567 et
268 3525 375 3583 pecora
396 3505 566 3567 lambebant
587 3505 722 3569 homines
745 3509 777 3568 et
792 3505 934 3568 bom‘mes
942 3503 1015 3581 iba,
1030 3503 1120 3559 umbe
