2460 3862
127 127 190 187 134
513 120 759 177 HILDEGARDIS

126 307 267 383 sanguine
290 305 449 380 habundat,
473 310 546 365 tune
568 309 691 382 propter
713 306 849 377 halitum,
872 325 962 382 quem
984 325 1039 382 per
1059 325 1137 366 nares

124 396 157 454 in
179 414 210 453 se
232 394 326 452 trahit
349 398 378 453 et
401 396 523 471 emittit,
556 397 677 472 sanguis
705 400 736 455 in
764 394 887 455 naribus
914 396 1031 459 aditum
1053 415 1136 472 erup·

125 484 215 544 tionis
238 483 356 543 facilius
378 485 491 544 invenit
514 504 604 560 quam
626 486 658 544 in
680 485 739 544 atio
759 486 824 543 loeo
841 486 981 561 eorporis,
1004 485 1049 546 ita
1063 486 1139 562 quod

124 592 214 633 venae
237 573 350 632 cerebri
373 577 402 631 et
425 574 499 632 aliae
521 593 619 650 venae,
643 594 718 650 quae
740 573 783 632 ibi
805 575 918 634 vicinae
941 579 1021 651 sunt,
1045 575 1083 635 ob
1098 575 1137 633 ni·

99 663 220 720 amiam
243 663 479 738 superfluitatem
503 664 655 740 sanguinis
677 663 719 722 ibi
742 668 925 738 rumpuntur
951 668 982 723 et
1010 665 1139 726 effluunt

126 750 254 822 Quidam
288 752 377 810 etiam
410 752 541 812 homines
574 756 656 825 sunt,
686 754 717 811 in
750 753 861 829 quibus
896 753 1017 830 sanguis
1045 772 1138 831 super·

124 840 290 912 habundat,
328 842 371 899 ita
401 842 482 916 quod
516 842 552 901 de
588 842 793 918 superfluitate
823 842 887 902 eius
924 842 1077 902 interdum
1111 843 1138 900 in

125 930 346 1006 spissitudinem
380 933 411 988 et
439 932 470 988 in
496 931 682 1007 nigredinem
716 932 853 992 vertitur.
906 930 965 990 Sed
995 951 1064 991 eum
1094 930 1139 992 isti

125 1020 249 1078 interius
279 1018 366 1078 bonas
394 1024 424 1077 et
451 1038 535 1078 sanas
563 1021 639 1080 vires
668 1020 792 1097 habent,
824 1020 879 1079 hae
907 1021 1093 1097 superfluum
1114 1024 1139 1080 et

84 1119 112 1164 10
127 1108 436 1184 superhabundantem
459 1109 634 1185 sanguinem
656 1110 687 1167 in
709 1111 830 1169 naribus
853 1109 974 1183 eiciunt,
995 1111 1041 1170 ita
1063 1110 1139 1188 quod

125 1198 161 1256 de
184 1197 239 1256 hae
262 1198 401 1256 effusione
425 1198 577 1256 cerebrum
598 1217 702 1257 eorum
718 1203 867 1277 purgatur
883 1203 913 1258 et
927 1198 1010 1258 visus
1027 1201 1139 1260 aeuitur

125 1290 214 1362 atque
230 1287 308 1346 vires
324 1287 456 1362 ipsorum
471 1287 503 1345 in
519 1288 559 1346 eis
576 1286 613 1345 ad
628 1289 785 1346 sanitatem
799 1288 993 1350 reducuntur.
1021 1288 1079 1348 Sed
1093 1288 1139 1348 elii

125 1376 259 1434 homines
283 1378 359 1450 sunt,
383 1394 512 1450 quorum
532 1377 705 1452 sanguinem
722 1397 846 1454 magnae
861 1377 957 1436 febres
974 1381 1006 1436 et
1020 1373 1151 1455 magnus*

125 1466 226 1540 ardor,
256 1465 309 1540 qui
332 1465 362 1522 in
386 1465 456 1540 ipsis
480 1468 535 1535 est,
568 1466 718 1524 interdum
740 1467 783 1524 ita
805 1469 937 1542 movent,
973 1472 1010 1525 ut
1033 1469 1140 1541 vinum,

85 1566 112 1610 15
126 1554 207 1630 quod
229 1555 260 1612 in
283 1557 350 1612 utre
373 1556 524 1624 movetur,
552 1558 581 1612 et
611 1555 653 1613 sio
676 1556 850 1632 sanguinem
871 1557 903 1613 in
924 1556 1049 1615 naribus
1072 1558 1140 1615 edu·

126 1648 206 1707 eunt.
243 1644 283 1701 Et
306 1642 342 1701 de
365 1642 420 1701 hae
442 1643 594 1719 sanguinis
617 1644 758 1703 effusione
782 1645 935 1704 cerebrum
958 1645 1141 1722 aliquantum

125 1735 284 1790 evacuatur
316 1737 346 1790 et
378 1733 457 1791 oouli
485 1733 615 1808 caligant
644 1735 674 1791 et
704 1734 782 1793 vires
811 1735 842 1791 in
869 1733 986 1792 homine
1015 1735 1069 1793 illo
1098 1735 1140 1793 de·

127 1820 296 1878 biiitantur.

192 1911 237 1968 De
260 1927 376 1988 coryza.
421 1910 495 1969 (ium
519 1912 673 1969 oerebrum
700 1912 827 1970 hominis
853 1929 956 1970 sanum
981 1915 1013 1970 et
1035 1933 1142 1988 purum

86 2010 114 2054 20
130 1999 288 2074 aliquando
312 2002 363 2073 est,
391 2003 463 2058 tuno
486 2000 574 2058 etiam
597 2000 747 2059 interdum
769 2000 902 2059 turbines
925 2001 1003 2060 aeris
1027 2005 1058 2062 et
1072 2006 1142 2062 aea·

126 2107 229 2146 rorum
252 2089 465 2148 elementorum
489 2090 526 2147 ad
550 2090 705 2148 cerebrum
730 2093 902 2167 exsurgunt,
934 2091 988 2166 qui
1015 2092 1141 2152 diversos

126 2177 266 2236 humores
297 2178 328 2234 in
358 2179 458 2254 ipsum
485 2179 609 2237 trahunt
637 2182 667 2238 et
697 2180 733 2237 ab
761 2198 794 2238 eo
818 2179 979 2238 extrahunt
1001 2184 1033 2239 et
1055 2180 1140 2240 nebu·

126 2268 223 2326 losum
246 2269 364 2325 fumum
386 2269 416 2325 in
440 2267 489 2327 via
511 2268 626 2326 narium
651 2272 681 2327 et
708 2269 839 2345 gutturis
862 2269 925 2327 eius
955 2274 1075 2344 parant,
1103 2271 1142 2328 ita

127 2357 206 2432 quod
237 2356 278 2414 ibi
310 2357 432 2415 nocivus
463 2357 541 2415 livor
574 2358 761 2416 contrahitur
790 2362 827 2416 ut
858 2358 959 2416 fumus
987 2359 1142 2419 nebulosae

85 2455 114 2500 25
127 2465 228 2521 equae.
273 2446 313 2503 Et
334 2447 411 2504 livor
435 2447 490 2504 iste
512 2445 554 2502 ibi
578 2447 666 2504 etiam
690 2447 839 2505 contrahit
864 2447 1068 2507 infirmitatem
1096 2448 1140 2506 de·

127 2535 234 2593 bilium
256 2535 428 2605 humorum,
461 2535 503 2592 ita
530 2536 609 2609 quod
636 2535 678 2593 ibi
705 2554 774 2594 eum
801 2536 903 2595 dolore
928 2555 983 2611 per
1004 2556 1091 2597 nares
1116 2540 1143 2596 et

128 2643 181 2697 per
203 2628 310 2700 guttur
334 2627 548 2698 expurgantur,
577 2625 824 2699 quemadmodum
847 2626 958 2701 ulnera,
987 2644 1065 2701 quae
1087 2626 1143 2684 iam

128 2717 246 2770 matura
270 2718 347 2786 sunt,
371 2732 425 2786 per
447 2713 602 2787 ruptiones
625 2732 693 2773 suas
717 2714 832 2784 livores
857 2715 909 2789 qui
929 2715 959 2772 in
979 2715 1053 2789 ipsis
1069 2719 1142 2788 sunt,

129 2802 283 2874 emittunt,
315 2805 344 2859 et
367 2804 444 2860 siout
466 2802 554 2860 etiam
578 2804 678 2861 nullus
702 2803 785 2861 cibus
812 2803 901 2879 eoqui
929 2807 1042 2879 potest,
1074 2804 1144 2880 quin

90 2897 117 2942 30
134 2890 244 2963 sordeS,
277 2910 351 2964 <puae
378 2891 465 2949 ineo
489 2896 566 2963 sunt,
594 2911 648 2965 per
674 2910 810 2965 spumam
836 2893 1024 2969 purgationis
1051 2894 1143 2954 eiciat.

130 2978 169 3035 ut
191 2979 232 3036 sio
255 2979 325 3036 fauit
349 2981 446 3037 anima
465 2981 495 3037 in
512 2998 634 3054 corpore
649 2980 785 3054 hominis,
809 3000 876 3040 eum
892 3000 992 3041 omnes
1008 2981 1143 3041 humores

129 3067 261 3143 corporis
292 3069 323 3125 in
347 3070 454 3141 oeulis
487 3071 517 3127 in
541 3069 672 3145 auribus,
700 3071 730 3127 in
754 3071 887 3141 neribus,
920 3072 950 3129 in
979 3091 1030 3130 ore
1058 3074 1088 3131 et
1113 3071 1142 3128 in

130 3158 292 3233 digestione
334 3159 494 3216 seeundum
532 3161 667 3216 naturam
702 3178 785 3217 suam
817 3179 869 3235 per
900 3161 998 3236 ignem
1031 3162 1142 3219 animae

129 3249 342 3323 excoquuntur,
370 3251 406 3306 ut
428 3248 512 3306 cibus
534 3249 603 3322 igne
624 3249 806 3322 excoquitur,
831 3268 899 3307 eum
915 3267 1051 3324 spumam
1067 3251 1143 3311 eicit.

89 3345 117 3389 35
131 3335 204 3394 (111111
233 3340 333 3394 autem
356 3337 505 3395 interdum
528 3337 616 3395 homo
639 3357 749 3396 novum
773 3342 803 3396 et
830 3339 1014 3414 incognitum
1045 3341 1142 3399 cibum

128 3427 255 3485 eomedit
278 3430 307 3484 et
330 3446 441 3485 novum
463 3431 493 3483 et
512 3426 696 3501 incognitum
716 3428 820 3485 vinum
842 3431 895 3486 aut
918 3429 1011 3486 alium
1033 3448 1142 3489 novum

127 3519 232 3589 potum
255 3515 342 3590 bibit,
373 3518 444 3573 tune
472 3515 507 3573 de
534 3517 617 3574 novis
645 3516 819 3576 humoribus
847 3516 906 3575 illis
931 3518 982 3575 alii
1004 3516 1142 3578 humores
