2460 3862
348 121 489 177 OAUSAE
508 121 555 177 ΕΤ
573 121 696 178 CURAE
714 121 783 177 LIB.
801 121 835 178 11.
1055 129 1097 189 69

75 306 165 366 calor
195 306 279 365 illius
310 305 368 366 viri
397 305 469 365 huic
500 306 605 365 semini
636 305 859 382 aliquantulum
892 307 1094 383 coniungitur,

75 395 125 454 ita
150 395 233 471 quod
256 395 324 454 inde
347 395 433 472 quasi
456 394 491 454 dc
514 394 626 454 foetido
649 397 738 455 vento
761 396 923 471 polluitur,
946 396 1042 467 velut,
1070 397 1096 455 si

77 484 152 561 quis
176 484 213 542 ad
235 485 472 561 coagulationem
494 485 579 544 lactis
595 485 688 543 alium
702 484 851 560 liquorem
866 485 996 557 adderet,
1018 485 1096 544 illud

77 572 187 633 exinde
209 575 468 636 contaminaretur.

149 663 197 722 De
226 664 351 723 seminis
380 663 557 725 diversitate.
611 660 709 722 Homo
742 664 843 722 eutem
872 663 936 734 ille,
969 663 1002 721 in
1033 673 1124 740 quot

77 752 206 826 siccum,
236 751 336 811 idest
361 752 451 828 ignia,
482 751 703 827 superexcellit,
737 751 848 810 durum
878 751 1032 828 ingenium
1059 753 1097 813 ad

78 840 253 900 dmcendum
276 844 354 900 artes
368 840 465 917 habet,
488 842 540 901 sed
561 844 723 917 postquam
743 859 791 899 eas
807 840 952 915 didicerit,
976 841 1115 915 fortiter⁴

77 929 148 989 illas
171 929 203 988 in
225 930 389 990 stabilitate
411 931 528 992 retinet.
572 929 608 988 In
641 949 700 1006 quo
730 935 830 989 autem
859 928 1031 1005 humidum,
1063 931 1095 989 id

79 1021 125 1077 est
149 1037 207 1093 aar,
231 1019 482 1096 superhabundat,
504 1019 592 1078 facile
606 1018 761 1095 ingenium
776 1019 1001 1078 addiscendum
1017 1021 1095 1078 artes

78 1107 178 1183 babet,
202 1108 253 1167 scd
274 1109 389 1168 stabilis
411 1109 443 1167 in
465 1108 588 1168 scicntia
610 1127 671 1167 ease
693 1126 752 1167 non
774 1111 886 1184 potest,
911 1108 984 1184 quia
1014 1111 1093 1184 post
1108 1120 1137 1176 10

79 1217 173 1274 quem
196 1198 297 1274 eliqua
320 1198 469 1269 didicerit,
501 1198 587 1257 facile
613 1216 647 1255 ee
664 1197 812 1278 ‚oblivioni
834 1198 937 1257 tradit.
982 1195 1041 1256 Sed
1063 1198 1094 1256 in

79 1305 140 1363 quo
165 1305 282 1363 spuma,
311 1287 343 1346 id
365 1290 411 1346 est
433 1306 523 1364 eque,
550 1287 771 1362 superexcellit,
798 1287 884 1346 velox
908 1286 1030 1363 qnidam
1052 1287 1094 1345 in-

78 1377 202 1453 genium
224 1376 261 1434 ad
284 1376 456 1436 discendum
479 1380 557 1436 artes
584 1375 686 1447 habat,
715 1376 766 1435 sad
793 1380 954 1452 antequam
981 1395 1029 1435 ees
1056 1376 1095 1435 ad

78 1465 247 1541 perfectum
268 1465 414 1542 didicerit,
437 1468 526 1540 putat
548 1484 578 1524 se
598 1483 645 1524 ees
665 1466 747 1541 scire,
771 1484 840 1524 cum
854 1466 973 1526 nesciet.
1008 1463 1094 1524 Unde

78 1573 148 1613 cum
170 1572 202 1613 se
223 1554 255 1611 in
279 1555 320 1613 cis
343 1555 492 1626 extulerit,
520 1553 626 1630 deficit,
651 1555 731 1635 quia
744 1555 877 1614 nondum
900 1574 947 1613 aas
970 1553 1008 1612 sd
1029 1565 1135 1630 per-15

77 1644 191 1702 fectum
214 1643 301 1719 cepit.
346 1643 380 1702 In
404 1663 463 1720 quc
486 1662 556 1703 vero
579 1643 728 1720 tepidum,
751 1644 784 1712 id
806 1647 852 1703 est
872 1646 964 1718 terra,
988 1661 1091 1719 super·

75 1731 242 1807 habundat,
265 1732 376 1790 durum
399 1737 429 1791 et
452 1732 572 1792 difficile
594 1732 748 1810 ingenium
771 1733 809 1792 ed
828 1732 999 1792 discendum
1015 1735 1092 1793 artes

75 1820 179 1891 habet3
215 1820 266 1880 sed
299 1840 368 1880 cum
400 1822 435 1880 de
470 1821 649 1898 quibusdam
683 1840 752 1881 cum
782 1821 959 1881 difficultate
993 1823 1093 1881 tamen

76 1910 194 1986 aliquid
218 1910 335 1986 ceperit.
360 1930 431 1987 pree
454 1911 567 1970 duritia
588 1911 701 1988 ingenii
724 1911 771 1970 sui
794 1911 922 1970 retinere
943 1910 1011 1970 illas
1033 1930 1093 1971 non

74 2000 166 2060 valet.
210 1999 294 2059 Unde
317 2000 415 2059 taedio
437 2000 548 2075 victus,
576 2019 644 2060 cum
671 2019 719 2059 aas
746 2000 871 2060 retinere
902 2019 961 2059 non
982 2003 1091 2076 potest,
1105 2010 1134 2055 20

76 2089 190 2148 discere
220 2089 392 2148 multotiens
426 2089 542 2148 desistit
576 2093 665 2165 atqua
698 2089 789 2165 idem,
825 2089 905 2166 quod
939 2089 1090 2166 didicerat,

76 2177 214 2236 dimittit.
251 2177 309 2237 Sed
330 2181 429 2237 temen
451 2178 483 2236 in
506 2178 693 2254 quibusdam,
717 2198 792 2254 quea
815 2178 852 2237 ed
874 2181 986 2237 terrem
1008 2182 1038 2237 et
1053 2178 1091 2237 ad

74 2266 241 2326 saecularia
263 2268 383 2344 negotia
404 2267 577 2343 respiciunt,
601 2266 760 2343 aliquando
783 2267 914 2343 prudens
938 2272 990 2329 est.

142 2356 189 2415 De
212 2357 315 2415 earnis
336 2357 535 2417 delectatione.
581 2355 678 2416 Venae
701 2361 814 2429 autem,
843 2376 918 2432 quae
940 2356 972 2413 in
994 2356 1090 2415 iecore

74 2447 106 2503 et
127 2445 161 2502 in
182 2448 285 2504 ventre
307 2446 431 2505 masculi
453 2449 535 2520 sunt,
561 2445 592 2504 in
619 2445 799 2522 genitalibus
822 2446 886 2504 eius
909 2445 965 2504 sibi
989 2463 1088 2503 occur·
1103 2454 1131 2502 25

74 2537 158 2594 runt.
212 2532 252 2592 Et
285 2553 352 2593 cum
383 2537 491 2594 ventus
524 2534 726 2594 delectationis
757 2555 774 2592 a
804 2533 934 2593 medulla
966 2534 1090 2592 masculi

74 2622 243 2700 egreditur,
275 2623 306 2681 in
332 2624 450 2683 lumbos
478 2624 542 2682 eius
570 2622 650 2683 cadit
678 2627 708 2682 et
735 2627 858 2700 gustum
886 2622 1091 2682 delectationis

73 2711 106 2770 in
128 2712 273 2789 sanguine
295 2715 402 2773 movet.
447 2713 488 2771 Et
511 2711 583 2788 quie
603 2712 688 2772 locus
709 2713 881 2772 lumborum
903 2711 1091 2788 aliquantum

74 2804 159 2860 artus
187 2803 217 2859 et
245 2801 366 2860 strictus
395 2803 425 2860 ct
452 2803 570 2861 clausus
597 2805 653 2876 est,
685 2804 792 2861 ventus
822 2802 873 2860 ille
906 2801 938 2858 in
968 2820 1002 2860 ec
1032 2820 1091 2861 non

74 2891 208 2949 multum
231 2909 261 2949 se
284 2890 448 2949 diffundere
470 2894 570 2967 potest
593 2894 623 2949 et
644 2891 687 2949 ibi
707 2892 825 2950 fortiter
845 2891 876 2949 in
896 2889 1091 2951 delectatione
1104 2902 1132 2948 00

75 2978 169 3054 ardet,
196 2978 240 3037 ita
263 2979 344 3055 quod
366 2979 397 3038 in
419 2979 526 3038 ardore
548 2980 600 3038 1110
624 2980 671 3039 sui
694 2979 881 3040 obliviscitur
904 2984 933 3039 ct
957 2980 1037 3056 quod
1060 3000 1091 3040 sa

74 3069 225 3127 continere
246 3087 306 3127 ncn
328 3069 415 3144 valet,
439 3069 513 3145 quin
527 3087 664 3144 spumam
678 3069 796 3128 seminis
812 3068 926 3144 educet,
950 3070 1090 3146 quoniam

74 3159 201 3234 propter
232 3157 400 3216 clausuram
429 3157 602 3217 lumborum
632 3158 710 3233 ignis
738 3159 941 3218 delectationis
971 3158 1088 3229 fortius,

75 3246 213 3322 quamvis
244 3247 353 3318 rarius,
393 3247 425 3304 in
456 3265 490 3306 eo
522 3248 606 3306 ardet
639 3267 730 3323 quem
763 3248 795 3306 in
828 3248 961 3307 muliere.
1013 3245 1089 3304 Nam

75 3335 327 3412 quemadmodum
348 3336 379 3395 in
402 3336 517 3412 magnis
539 3337 642 3411 undiS,
670 3356 746 3412 quae
774 3337 810 3396 de
837 3337 966 3396 fortibus
992 3335 1087 3394 ventis
1102 3344 1130 3390 35

75 3427 106 3484 et
134 3425 276 3501 procellis
305 3425 337 3483 in
366 3425 539 3484 fluminibus
572 3428 745 3502 assurgunt,
776 3426 859 3486 navis
891 3424 1086 3501 periclitatur,

74 3514 118 3573 ita
140 3514 223 3590 quod
246 3514 296 3574 vix
318 3514 467 3574 interdum
495 3515 638 3575 contineri
665 3517 696 3575 et
721 3513 884 3576 subsistere
907 3515 1030 3592 actast,
1052 3513 1101 3571 sie
