2460 3862
125 154 165 213 92
510 144 755 201 HILDEGARDIS

124 331 231 391 itinera
253 330 306 388 illa
327 333 397 389 suut
419 330 450 388 in
474 329 576 404 oculis,
604 329 636 389 iu
659 329 789 406 auribus,
812 329 925 401 inore,
958 329 990 389 in
1013 329 1145 406 naribus,

124 439 157 479 ac
179 419 222 478 ibi
246 420 492 483 demonstrantur.
538 417 613 478 Oum
636 420 735 478 autom
757 418 888 478 suavitas
910 418 943 477 in
962 418 1146 495 cogitatione

123 512 176 585 est,
199 512 272 567 tunc
295 508 374 568 oculi
396 511 426 567 et
449 526 533 567 eures
557 511 646 583 atque
668 508 788 584 loquela
814 507 942 567 hominis
970 507 1002 567 in
1030 507 1146 568 laetitia

124 617 154 658 se
178 597 345 657 ostendunt.
384 596 460 657 (lum
482 615 552 656 vero
583 597 751 656 amaritudo
775 597 807 655 in
829 596 884 656 illa
905 599 964 670 est,
998 597 1079 657 oculi
1103 598 1143 656 la·

96 703 110 746 5
124 687 229 747 crimes
241 690 271 746 et
281 687 312 745 in
322 687 369 745 ira
381 687 457 746 acin
469 686 595 746 tristitia
607 686 745 746 auditum
756 688 787 745 ot
797 685 918 762 loquela
932 685 1145 747 demonstrant

124 775 210 835 Oculi
225 779 323 835 autem
339 775 469 835 hominis
484 775 522 834 ad
538 775 763 834 similitudinem
778 775 957 834 firmamenti
971 775 1046 834 facti
1066 779 1144 836 suut.

189 865 235 924 De
250 863 350 926 oculis.
390 863 465 923 Nam
481 865 598 940 pupilla
613 865 693 924 oculi
708 863 934 924 similitudinem
954 864 1027 923 solis
1047 864 1143 941 babet,

124 957 154 1014 et
175 955 260 1031 niger
290 973 342 1014 seu
365 955 479 1030 griseus
501 954 590 1025 color,
618 954 671 1030 qui
694 953 772 1012 circa
794 953 943 1030 pupillam
962 956 1017 1025 est,
1039 953 1142 1013 simili·

123 1043 257 1103 tudinem
285 1044 385 1115 lunae,
413 1047 445 1102 et
471 1043 599 1102 exterior
626 1042 730 1101 albedo
757 1041 983 1101 similitudinem
1006 1043 1143 1104 nubium.

84 1146 111 1190 10
125 1132 237 1192 Oculus
260 1136 359 1192 autem
383 1133 506 1208 exigue
529 1135 560 1190 ot
581 1151 659 1207 aqua
682 1134 804 1192 constat.
849 1130 923 1208 Igne
946 1132 1025 1190 enim
1053 1133 1145 1192 conti·

123 1225 211 1281 netur
234 1226 264 1280 et
284 1221 453 1296 roboratur,
486 1224 522 1279 ut
544 1221 596 1292 sit3
628 1239 706 1297 aqua
733 1239 803 1280 vero
832 1220 989 1280 advirum
1013 1220 1143 1282 ducitur.

124 1309 210 1381 Quod
240 1311 265 1369 si
292 1311 412 1388 sanguis
435 1328 524 1386 super
545 1310 665 1368 oculum
680 1309 808 1368 hominis
824 1308 1141 1386 superhabundaverit,

124 1402 244 1460 oculum
268 1400 391 1459 suffocat
422 1399 460 1458 ad
487 1399 657 1474 videndum,
693 1398 764 1474 quia
795 1417 912 1474 aquam,
945 1418 1022 1475 quae
1058 1400 1145 1460 oculo

123 1490 222 1549 visum
244 1488 373 1566 praebet,
402 1489 535 1564 exsiccat,
562 1489 610 1548 vel
632 1488 658 1547 si
685 1486 805 1565 sanguis
833 1487 876 1546 ibi
904 1505 994 1564 supra
1022 1489 1146 1549 modum

84 1592 110 1636 15
124 1580 288 1638 minoratus
311 1578 410 1649 fuerit,
441 1596 527 1652 equa,
552 1596 627 1652 quae
649 1577 681 1634 iu
702 1577 787 1637 oculo
803 1577 903 1636 visum
917 1576 1145 1638 subministrare

124 1668 234 1742 debuit,
259 1669 318 1726 iam
341 1668 418 1726 vires
441 1665 509 1724 suas
529 1685 588 1725 non
608 1666 704 1741 habet,
729 1666 869 1742 quoniam
885 1665 938 1742 qui
953 1666 985 1724 in
1000 1669 1146 1744 sanguine

124 1758 181 1832 ipsi
203 1758 280 1816 vires
304 1757 389 1815 velut
403 1757 540 1815 columna
555 1754 732 1831 subportare
749 1754 882 1826 debebat,
905 1755 1014 1818 deficit
1059 1755 1146 1816 Unde

124 1846 155 1903 in
178 1845 296 1904 senibus
320 1845 399 1905 oculi
438 1845 575 1921 caligant,
608 1844 680 1920 quia
708 1844 769 1903 iam
795 1844 826 1902 in
853 1844 925 1920 ipsis
955 1844 1147 1905 subtrahitur

124 1938 154 1993 et
187 1954 265 2010 aqua
299 1953 367 1993 cum
398 1933 540 2010 sanguine
573 1934 605 1991 in
639 1933 680 1992 eis
703 1935 884 1994 attenuatur.
930 1931 988 1993 Sed
1021 1934 1145 1995 iuvenes

83 2037 111 2082 20
124 2024 242 2083 senibus
273 2024 380 2082 clarius
412 2023 521 2098 vident,
556 2023 698 2098 quoniam
730 2041 819 2082 venae
849 2041 954 2081 eorum
986 2022 1086 2084 adhuc
1114 2025 1145 2083 iu

125 2112 267 2190 sanguine
282 2116 314 2174 et
329 2132 407 2188 aqua
422 2113 500 2171 recte
522 2115 703 2188 temperatae
727 2115 805 2182 sunt,
829 2111 900 2187 quia
922 2111 999 2189 iguis
1015 2114 1047 2172 et
1061 2132 1143 2190 aqua

124 2201 257 2262 noudum
283 2202 314 2261 in
345 2201 418 2276 ipsis
450 2202 576 2260 calorem
608 2205 637 2260 et
663 2201 760 2277 frigus
785 2219 876 2275 supra
901 2201 1026 2260 modum
1054 2220 1144 2262 suum

125 2293 344 2351 exsiccaverunt
367 2293 396 2349 et
419 2293 657 2351 attenuaverunt

191 2383 237 2441 De
259 2380 353 2440 oculis
377 2381 494 2455 priscis.
539 2379 637 2438 Homo
671 2381 778 2455 autem,
811 2378 865 2456 qui
895 2379 1009 2456 griseos
1043 2381 1145 2440 oeulos

85 2484 113 2529 25
128 2491 221 2548 equae
254 2470 365 2530 similes
396 2468 493 2539 habet,
531 2487 580 2527 eos
615 2469 773 2545 praecipue
811 2467 846 2526 de
882 2487 948 2526 aere
978 2468 1145 2542 contrahit3

124 2561 203 2620 undo
226 2565 256 2620 et
271 2559 446 2618 infirmiores
461 2558 527 2616 aliis
548 2558 641 2617 oculis
672 2560 801 2632 (sunt),
826 2558 897 2633 quia
912 2576 962 2616 aer
976 2556 1013 2616 de
1029 2557 1147 2618 diversa

125 2669 197 2709 aura
213 2648 318 2709 caloris
343 2651 373 2706 et
394 2647 516 2723 frigoris
538 2666 572 2706 ao
594 2647 782 2706 humiditatis
805 2646 922 2722 saepius
944 2649 1092 2720 mutatur,
1116 2650 1146 2706 et

125 2739 215 2798 etiam
238 2737 316 2797 idem
339 2737 419 2797 oculi
442 2737 529 2796 facile
553 2736 588 2794 de
610 2736 688 2795 malo
712 2738 742 2794 et
764 2735 855 2794 debili
878 2738 909 2794 et
929 2735 1055 2797 humido
1078 2755 1146 2796 aere

124 2831 155 2886 et
187 2827 222 2885 de
253 2826 362 2885 nebula
391 2826 559 2900 laeduntur,
593 2825 747 2901 quoniam,
775 2825 853 2884 siout
882 2824 954 2884 haec
979 2825 1146 2899 puritatem

83 2916 219 2992 suipsius
241 2916 316 2974 aeris
338 2914 513 2990 impediunt,
536 2915 579 2972 ita
601 2915 690 2973 otiam
714 2915 815 2973 oculos
835 2913 872 2973 da
896 2932 961 2972 aere
977 2918 1146 2975 contractos

124 3004 256 3066 laedunt.

191 3097 239 3154 De
270 3093 363 3152 oeulis
392 3094 496 3166 ionem
543 3091 600 3151 Sed
624 3093 676 3168 qui
703 3092 805 3168 igneos
828 3093 928 3152 oeulos
960 3090 1060 3165 habet,
1091 3093 1144 3169 qui

125 3183 236 3244 similes
258 3185 329 3241 sunt
358 3182 461 3258 nigrae
483 3181 556 3241 nubi
586 3182 670 3240 iuxta
692 3182 785 3241 solem
808 3181 889 3252 sitae,
912 3199 962 3240 eos
987 3181 1024 3240 de
1049 3182 1144 3242 calido

125 3277 213 3334 vento
237 3271 331 3331 austri
353 3271 530 3330 naturaliter
553 3272 673 3346 accepit,
701 3273 732 3328 et
753 3271 911 3330 sanitatem
932 3270 1051 3346 habent,
1074 3271 1146 3347 quia

84 3374 112 3420 35
126 3362 162 3422 de
185 3363 281 3422 calore
304 3361 382 3437 ignis
405 3364 483 3423 sunt.
528 3358 585 3418 Sed
608 3360 708 3436 pulvis
731 3378 765 3419 ac
788 3360 916 3436 quilibet
935 3360 1033 3420 malus
1048 3360 1146 3421 foetor

125 3471 175 3512 eos
196 3451 297 3526 laedit,
321 3449 460 3526 quoniam
482 3449 623 3508 serenitas
649 3449 802 3526 pulverem
835 3452 864 3508 st
895 3448 1012 3525 puritas
1043 3450 1144 3527 incog-

117 3541 218 3599 nitum
240 3541 386 3600 foetorem
410 3539 548 3620 negligit.
979 3549 990 3570 ·
