2460 3862
125 139 187 198 162
511 131 757 189 HILDEGARDIS

125 320 176 390 est,
192 317 338 394 prohibet.
384 316 441 376 Sed
464 319 562 376 tamen
587 318 734 393 quaedem
756 317 888 377 membra
911 317 1118 394 dirumpuntet

124 407 269 483 quaedam
292 407 383 465 etiem
406 408 490 466 velut
511 408 629 467 mortua
650 407 771 466 inutilia
793 406 917 468 faciunt.

191 497 235 556 Dc
273 512 431 555 amborum
470 498 677 556 contractione.
735 495 827 573 Saepe
864 498 1021 575 contingit,
1058 493 1140 573 quod.

124 588 312 662 tempestates
336 587 366 644 et
396 586 545 660 procellae
578 586 726 645 malorum
757 585 919 646 humorum
954 587 986 644 in
1020 583 1121 662 aliquod

98 675 291 734 smembmm
313 674 441 734 hominis
464 675 575 734 cadunt
597 678 627 733 et
649 674 691 733 ibi
714 675 827 735 insania
849 694 903 736 sua
925 679 1058 735 meatum
1071 693 1122 735 san·

124 764 224 841 guinis
247 783 391 824 venarum
414 764 478 823 eius
502 764 653 841 claudunt,
686 765 730 823 111
757 765 838 840 qnod
864 765 919 824 ille
941 763 985 823 ibi
1008 766 1039 823 in
1060 763 1123 824 venis

124 854 268 912 inundare
291 873 350 912 non
372 857 479 929 potest,
511 854 591 913 unde
622 858 653 912 et
676 873 766 913 venae
789 854 859 913 illae
882 857 1029 927 arescunt,
1060 849 1124 930 quod

124 947 225 1002 meatu
248 943 400 1020 sanguinis
424 947 531 1003 carent.
576 943 615 1001 nt
642 943 684 1001 sic
711 942 800 1002 homo
829 943 880 1002 ille
909 942 1074 1004 claudicare
1092 943 1123 1000 in·

125 1033 206 1109 cipit.
236 1033 277 1091 Et
299 1033 370 1108 quia
393 1031 482 1091 homo
499 1032 536 1092 ab
559 1032 710 1091 elementis
733 1033 830 1092 factus
854 1034 905 1105 est,
929 1033 966 1092 ab
990 1031 1124 1092 elementis

84 1130 111 1177 10
125 1123 215 1182 etiam
239 1123 423 1181 sustentatur
446 1125 476 1180 et
498 1122 530 1180 in
553 1122 594 1180 eis
617 1139 650 1180 ao
674 1140 741 1180 oum
765 1122 806 1180 eis
829 1125 1030 1183 conversatur.

190 1212 238 1270 Dc
258 1211 400 1283 febribus.
446 1210 531 1270 Unde
563 1211 652 1269 etiam
686 1211 816 1271 diversos
847 1210 944 1272 febres
976 1232 994 1270 a
1018 1208 1123 1271 disemis

125 1300 321 1377 qualitatibus
351 1300 426 1358 aeris
454 1303 484 1359 et
506 1303 673 1359 ceterorum
700 1301 968 1360 elementorumin
991 1319 1022 1360 11
1046 1298 1124 1370 habet,

124 1390 236 1449 scilicet
259 1410 276 1449 a
299 1390 409 1464 calore,
432 1408 449 1446 a
472 1390 583 1466 frigora
613 1392 644 1447 et
666 1390 702 1449 ab
725 1391 863 1462 humore,
895 1409 973 1465 quae
996 1409 1065 1449 eum
1079 1404 1124 1447 non

126 1480 257 1538 deiciunt
278 1498 331 1539 nec
354 1479 380 1536 ei
404 1478 615 1537 detrimentum
637 1478 759 1554 faciunt,
792 1479 842 1538 sed
871 1497 947 1554 quae
980 1480 1080 1555 potius
1104 1473 1124 1532 ei

86 1579 112 1623 15
126 1569 282 1628 sanitatem
316 1567 457 1640 inferunt,
492 1587 560 1626 cum
595 1570 625 1626 et
658 1571 762 1643 pectus
789 1572 819 1627 et
846 1567 1032 1628 stomachum
1053 1570 1124 1641 adque

127 1658 224 1716 omnia
245 1657 388 1716 interiora
411 1657 525 1715 viscera
548 1657 611 1716 eius
634 1677 688 1733 per
711 1657 848 1716 sudorem
881 1659 911 1716 et
939 1677 994 1735 per
1024 1657 1124 1717 urinam

125 1751 265 1823 purgant,
290 1765 358 1805 oum
381 1746 503 1805 modum
526 1766 615 1804 suum
638 1765 697 1805 non
720 1747 878 1822 excedunt,
903 1764 972 1805 cum
996 1750 1027 1807 et
1049 1742 1124 1822 queli-

125 1840 172 1894 tas
194 1837 270 1894 aeris
292 1838 408 1894 rectum
431 1835 554 1894 modum
578 1835 608 1893 in
631 1836 773 1911 temperie
796 1839 903 1898 servat.
942 1835 1001 1895 Sed
1023 1840 1124 1895 etcum

125 1924 235 1983 nimius
267 1927 297 1983 et
323 1925 514 1984 inconsuetus
547 1924 635 1983 ardor
667 1925 742 1984 aeris
777 1925 946 1997 surrexerit,
980 1929 1054 1984 tunc
1086 1921 1125 1980 ali·

85 2022 112 2068 ro
127 2013 245 2090 qnando
269 2014 365 2072 febres
389 2014 462 2073 istae
485 2032 576 2088 supra
597 2014 721 2073 modum
742 2015 957 2074 inardescentes
977 2015 1010 2072 in
1025 2016 1125 2073 acutam

126 2102 236 2161 febrem
259 2103 290 2160 in
314 2101 491 2179 quibusdam
513 2102 682 2162 hominibus
696 2107 864 2179 vertuntur,
887 2103 919 2161 in
934 2104 1028 2163 nimio
1043 2103 1126 2161 auten

126 2193 237 2269 frigore
261 2192 336 2251 aeris
358 2192 402 2250 ita
423 2192 589 2269 frigiditate
609 2193 862 2270 constringuntur,
886 2193 969 2269 quod
984 2193 1126 2252 1111111111

125 2281 237 2341 febrem
261 2282 404 2353 excitant3
433 2282 462 2339 in
490 2280 614 2339 humida
636 2300 705 2340 vero
734 2282 879 2362 qualitate
902 2282 987 2357 aeris,
1016 2279 1127 2358 quaed

127 2390 238 2448 aquosa
268 2374 298 2430 et
320 2370 433 2430 foetida
463 2374 520 2445 est,
544 2370 718 2430 multotiens
740 2371 772 2428 in
794 2372 856 2429 tam
883 2370 1012 2429 livosum
1034 2385 1125 2444 ooagu·

85 2470 113 2514 25
126 2462 266 2520 lationem
289 2463 459 2535 vertuntur,
484 2459 565 2535 quod
581 2478 616 2518 ex
631 2459 685 2517 1111
700 2463 877 2537 quartanam
893 2458 1008 2518 febrem
1023 2457 1127 2537 quibus

127 2550 194 2608 dam
216 2549 386 2608 hominibus
408 2549 548 2610 inferunt.
578 2549 719 2608 Homines
735 2551 843 2621 autem,
867 2549 920 2625 qui
941 2567 1065 2625 corpore
1077 2543 1128 2606 sani

127 2644 204 2711 sunt,
227 2640 270 2698 111
294 2637 374 2714 quod
397 2638 520 2697 mobiles
542 2638 689 2712 humores,
720 2638 832 2697 scilicet
864 2638 917 2714 qui
944 2638 1001 2698 hac
1024 2635 1129 2697 1111111

128 2729 239 2787 moveri
262 2730 394 2804 possunt,
417 2728 449 2785 in
471 2745 501 2786 se
524 2747 582 2787 non
605 2726 728 2799 habent,
756 2728 787 2786 in
817 2728 1015 2804 intemperata
1047 2723 1128 2804 quali·

128 2821 188 2877 tate
211 2818 285 2875 aeris
309 2816 468 2893 aliquando
490 2817 691 2890 infirmantur,
723 2836 791 2877 cum
818 2819 896 2876 recte
925 2819 1088 2892 temperata
1106 2813 1130 2870 et

85 2913 114 2958 10
128 2906 291 2981 tranquilla
315 2907 459 2981 qualitate
484 2907 559 2965 aeris
582 2906 644 2965 sani
667 2909 745 2970 sunt.
792 2905 878 2976 Quod
904 2905 929 2965 11
952 2906 1003 2966 isti
1027 2907 1130 2965 111111

127 2995 239 3054 febrem
263 2995 420 3069 aliquando
443 2995 610 3070 habuerint,
641 2998 714 3054 tunc
744 2997 769 3054 si
801 2995 898 3072 gratia
929 2995 977 3054 dei
1006 2991 1130 3062 voluat,

128 3088 164 3144 ut
190 3084 400 3158 convalescant,
431 3085 468 3143 ad
492 3085 627 3161 quintam
650 3085 697 3143 vel
720 3085 758 3143 ad
786 3085 942 3160 septimam
970 3083 1048 3143 diem
1074 3097 1131 3141 cum

129 3175 231 3233 dolore
255 3172 391 3232 sudorem
421 3174 531 3232 eiciunt
561 3177 591 3233 et
621 3174 679 3233 cito
709 3175 925 3249 convalescunt,
955 3173 1028 3250 quia
1059 3170 1131 3248 prius

128 3265 218 3324 etiam
241 3263 303 3322 sani
325 3263 356 3321 in
380 3281 502 3338 corpore
524 3263 655 3322 fuerunt.
1168 3262 1170 3281 '

87 3362 115 3408 35
195 3355 243 3413 De
261 3353 408 3426 paralysi.
439 3351 497 3422 Qui
520 3371 589 3412 vero
613 3352 735 3412 mobiles
757 3352 896 3412 humores
919 3352 952 3411 in
974 3370 1006 3412 se
1028 3349 1132 3416 hubent,

128 3444 268 3503 videlicet
292 3442 373 3517 quod
393 3441 505 3500 nullam
522 3442 714 3502 stabilitatem
730 3441 918 3502 rectitudinis
933 3459 987 3500 nec
1001 3442 1033 3500 in
1047 3439 1133 3500 calore

123 3551 180 3592 nec
200 3533 231 3592 in
255 3531 830 3610 1113111111111111111111111111,
863 3530 914 3591 sed
947 3532 1001 3607 qui
1032 3529 1085 3588 hoc
1109 3527 1134 3583 od
