2438 3854
172 138 236 201 210
556 132 803 200 marcianis
888 102 894 110 ’

170 318 274 389 verint,
298 318 348 376 ille
363 336 485 377 succum
500 318 631 379 ardentis
645 319 760 379 urticae
775 320 905 396 accipiat
921 327 956 381 εὴ
971 341 1091 384 succum
1103 323 1163 382 blan·

170 407 275 466 doniae
297 407 363 483 pari
384 408 514 484 pondere
542 412 573 468 et
600 427 720 468 succum
751 408 788 468 de
817 409 901 470 foliis
935 413 1021 489 nuci,
1051 416 1165 490 quantun

170 495 291 554 illorum
315 496 444 556 duorum
466 500 520 567 cst,
553 498 601 558 vel
628 497 748 558 sifolia
776 498 848 558 nuci
881 517 942 559 non
977 502 1119 574 habuerit,
1143 502 1165 560 de

170 586 277 644 cortice
309 585 440 645 eiusdem
470 587 583 646 arboris
613 590 732 647 tantum
759 588 839 647 succi
870 589 966 648 tollat
990 609 1026 650 ac
1047 592 1165 652 modicum

141 675 244 733 saceti
274 674 364 733 addat
395 681 426 735 et
456 677 621 752 plurimum
650 677 746 736 mellis
778 682 809 736 et
834 677 867 735 in
891 697 976 738 nova
999 681 1061 740 olla
1080 682 1165 740 ferrare

169 763 259 823 faciat
281 768 312 823 et
334 782 470 840 spumam
492 766 628 842 superins
650 765 771 837 abiciat3
787 768 816 824 et
830 771 1002 843 postquam
1018 770 1166 841 efferbuerit

169 852 205 912 de
223 854 292 930 igne
313 855 402 912 tollat
424 859 454 912 et
475 874 529 930 per
552 854 721 931 quindecim
744 854 806 914 dies
827 856 910 915 istud
935 859 1056 919 modice
1078 860 1166 919 ieiunu

168 942 258 1017 bibat,
281 961 319 1003 ne
341 947 465 1019 propter
494 944 703 1003 fortitudinem
732 944 816 1003 illius
847 945 1013 1019 laedatur;
1046 949 1095 1009 sed
1120 952 1167 1025 post

168 1032 267 1091 cibum
297 1032 478 1091 sufficienter
509 1032 604 1105 bibat,
637 1033 778 1110 quoniam
811 1033 869 1092 cibi
901 1034 1083 1097 fortitudini
1109 1038 1167 1097 illim

128 1133 155 1179 10
168 1125 240 1182 tunc
262 1122 413 1181 resistunt.
459 1120 535 1180 (lum
557 1123 635 1181 enim
662 1123 743 1183 calor
764 1123 896 1183 ardentis
919 1127 1042 1186 urticae
1064 1130 1093 1187 et
1112 1127 1168 1186 calor

168 1211 341 1270 blandoniae
352 1230 447 1286 aequo
458 1212 549 1270 calori
561 1216 592 1270 et
602 1231 697 1288 aequo
709 1211 815 1288 frigori
826 1213 898 1272 nuci
917 1218 1167 1293 contemperantur,

168 1303 280 1358 etcum
295 1301 338 1357 ita
353 1300 385 1358 in
402 1304 477 1376 potu
492 1303 664 1375 sumuntur,
678 1305 715 1360 ut
728 1301 900 1377 praefatum
916 1307 975 1375 est,
991 1307 1105 1366 virtute
1116 1306 1167 1365 istc

167 1408 234 1448 rum
258 1408 370 1448 vermes
393 1390 423 1447 in
445 1389 562 1449 bomine
585 1390 768 1462 moriuntur;
791 1390 842 1450 sed
866 1396 992 1451 acetum
1016 1398 1049 1454 et
1069 1395 1122 1455 mel
1139 1394 1169 1451 hir

167 1478 295 1552 additur,
319 1482 354 1536 ut
376 1481 499 1555 propter
521 1497 658 1555 saporem
679 1479 806 1539 istorum
828 1480 909 1538 sumi
930 1484 1044 1557 possit.

126 1581 153 1624 re
233 1568 279 1626 Dc
291 1569 445 1640 pediculis.
483 1561 548 1650 l)Si
563 1568 732 1645 quempiam
747 1568 899 1628 hominem
915 1572 1057 1646 pediculi
1071 1572 1169 1633 interim

167 1657 196 1715 in
221 1675 344 1732 corpore
366 1657 496 1729 laedunt,
528 1658 571 1716 ita
598 1658 678 1733 quod
700 1657 738 1716 ab
761 1677 795 1716 eo
818 1677 880 1717 non
910 1661 1169 1737 egrediuntur‚fel

166 1745 312 1822 anguillae
335 1747 467 1821 accipiat,
492 1750 522 1805 et
544 1750 571 1806 ei
594 1751 641 1806 ter
662 1747 760 1805 minus
775 1747 811 1806 de
827 1748 976 1809 acerrimo
999 1757 1083 1812 aceto
1101 1751 1169 1810 addat

167 1853 201 1892 ac
222 1836 340 1892 tantum
363 1836 467 1910 mellis,
489 1839 525 1894 ut
548 1837 676 1896 istorum
699 1836 828 1894 duomm
851 1840 963 1908 est-et
979 1839 1062 1913 baec
1083 1842 1168 1899 insar-

166 1923 267 2000 tagine
291 1927 408 2000 coquat.
453 1925 561 1984 Postea
583 1925 710 1983 zinziber
732 1931 830 1984 sumat
853 1929 884 1985 et
898 1926 949 1985 bis
964 1931 1088 2001 tantum
1107 1927 1170 2004 longi

125 2022 153 2067 ao
167 2012 278 2089 piperis
308 2018 338 2072 et
368 2014 459 2072 simili
488 2015 618 2090 pondere
648 2014 782 2072 basiliam
813 2018 904 2091 atque
926 2015 1171 2095 haee'pulveriret

166 2106 196 2160 et
217 2102 338 2176 insuper
365 2102 440 2161 ebur
463 2103 500 2161 ad
522 2105 642 2163 tertiam
664 2107 779 2179 partem
802 2103 922 2162 basiliae
946 2107 1041 2166 tollat
1056 2111 1087 2168 et
1100 2109 1170 2167 alian

166 2190 201 2250 de
224 2195 321 2250 rostro
344 2193 474 2251 vulturis
498 2193 535 2251 ad
558 2194 686 2267 mediam
712 2198 828 2268 partem
855 2193 952 2252 eboris
984 2201 1016 2255 et
1044 2199 1082 2256 ad
1107 2215 1171 2274 prae

164 2282 260 2341 fatum
287 2281 441 2356 pulverem
467 2281 504 2339 ab
536 2282 582 2340 his
616 2283 759 2341 scabendo
793 2283 890 2354 radet3
926 2302 1000 2343 mox
1036 2288 1171 2362 pulverem

164 2371 258 2431 istum
280 2371 312 2429 in
335 2370 521 2446 praedictum
544 2374 661 2430 acetum
684 2374 776 2447 ponat
798 2374 829 2429 et
844 2372 941 2430 denuo
966 2375 1061 2434 simul
1077 2376 1171 2436 ferron

123 2471 152 2516 25
165 2462 261 2519 faciat.
301 2459 386 2530 Quod
402 2478 469 2518 cum
486 2460 596 2535 fecerit,
618 2461 689 2518 haec
703 2460 734 2517 in
750 2460 905 2519 sancellum
922 2467 1026 2535 ponat,
1049 2466 1171 2541 quatinus
1209 2496 1211 2531 ;

164 2550 325 2625 perillum
347 2548 431 2608 velut
452 2546 626 2610 luterdrooc
649 2553 786 2623 transeat,
819 2553 850 2607 et
879 2549 978 2609 sicin
1002 2573 1084 2614 novo
1105 2550 1173 2612 fictili
1209 2548 1211 2553 ’

164 2657 232 2697 vase
254 2639 388 2714 recipiat.
434 2637 547 2697 Deinde
570 2638 649 2696 idem
672 2638 769 2713 homo,
794 2657 883 2714 quem
904 2639 1041 2713 pediculi
1065 2642 1173 2702 interius

163 2727 294 2800 laedunt,
329 2729 372 2785 ita
407 2727 487 2804 quod
520 2728 556 2786 ab
585 2746 619 2786 eo
642 2745 701 2786 non
724 2727 929 2804 egrediuntur,
964 2735 1078 2803 potum
1110 2733 1173 2790 bunc

164 2815 274 2875 cotidie
296 2817 415 2875 ieiunus
438 2816 530 2891 bibat,
562 2820 592 2875 ct
625 2815 662 2874 ad
692 2819 817 2891 noctem,
850 2835 918 2874 cum
948 2818 982 2876 in
1015 2821 1128 2880 leotnm
1151 2837 1173 2876 se

122 2915 150 2959 30
163 2905 289 2980 reponit,
312 2905 443 2980 pediculi
465 2906 497 2964 in
521 2924 555 2964 eo
581 2905 717 2964 deficient
737 2908 767 2964 et
781 2906 954 2980 morientur,
981 2911 1073 2969 etsie
1089 2910 1175 2968 arvina

163 2993 193 3051 in
220 2993 285 3066 ipso
311 2994 512 3054 renovabitur.
561 2993 648 3053 Oalor
676 2994 754 3052 enim
782 3015 816 3055 ac
837 2995 1009 3056 amaritudo
1033 2999 1114 3059 fellis
1133 3018 1174 3056 an·

163 3081 273 3159 guillae
296 3082 448 3158 pediculos
471 3083 610 3143 debilitat
639 3086 669 3142 et
697 3083 776 3142 calor
803 3086 833 3142 et
858 3085 1005 3145 acerbitas
1034 3090 1112 3148 aceti
1135 3104 1174 3146 cos

162 3174 292 3230 macerat
315 3174 345 3229 ct
368 3172 446 3230 calor
469 3192 502 3231 ac
521 3173 639 3232 siccitas
660 3170 756 3231 eboris
777 3192 826 3232 eos
847 3172 975 3233 exsiccat
998 3195 1034 3236 ac
1056 3181 1174 3238 rostrum

162 3261 301 3331 vulturis,
326 3259 405 3336 quod
428 3261 574 3338 frigidum
599 3264 643 3327 est
659 3264 689 3320 et
705 3260 786 3336 quod
810 3261 984 3322 diversitate
1009 3266 1174 3327 cadaverum

120 3361 148 3406 35
161 3351 294 3410 inficitur
325 3352 355 3409 et
384 3351 491 3409 sudore
523 3350 634 3409 cerebri
668 3349 800 3408 eiusdem
823 3351 953 3411 vulturis
985 3356 1174 3429 perfunditur,

161 3476 378 3488 *-

218 3545 243 3620 1)
266 3568 289 3606 v.
312 3549 427 3608 15-31
451 3568 487 3597 -.-.
505 3545 617 3616 uagae
635 3537 712 3593 rasa
726 3531 924 3586 n-iaaan.
997 3571 999 3574 ,
