2460 3862
130 145 171 205 42
456 185 458 188 .
519 135 763 192 Hmuacrsms

128 323 176 383 vel
207 322 349 399 pauciora
381 341 471 398 quam
503 325 635 397 quatuor
667 340 728 382 osse
763 341 823 381 non
858 323 992 397 possunt.
1041 321 1085 381 Et
1115 341 1151 382 ex

79 409 83 416 ’
129 413 247 471 duobus
270 411 429 489 generibus
452 413 587 470 constant
602 411 791 487 superiorum
807 413 837 469 et
852 409 1037 470 inferiorum.
1072 409 1151 471 Nam

128 501 281 576 superiora
305 501 542 577 suntoaelestia,
564 500 707 560 inferiora
728 519 799 560 vero
822 500 988 574 terrestria3
1018 504 1049 560 et
1073 520 1150 577 quae

128 591 159 649 in
187 589 391 667 superioribus
417 590 541 666 vivunt,
574 589 771 666 inpalpabilia
800 591 870 649 sunt
899 593 929 648 et
957 609 992 649 er
1019 589 1089 668 igne
1119 593 1152 650 et

100 691 195 739 saere
219 682 301 753 sunt;
324 697 493 756 quaerero
517 679 549 737 in
571 678 763 739 inferioribus
786 682 953 754 versantur,
983 677 1151 755 palpabilia

129 772 159 828 et
181 769 310 828 formata
333 786 456 842 corpora
478 772 549 827 sunt
571 771 602 827 et
624 788 659 828 ex
681 787 759 844 aqua
783 770 813 827 et
833 767 906 827 limo
929 770 1076 832 constant.

195 858 240 918 Dc
263 859 368 917 anima
392 861 419 916 ct
440 858 605 930 spiritibus.
650 856 779 932 Spiritus
808 858 886 916 enim
912 857 994 934 ignei
1016 859 1047 917 et
1070 858 1150 918 acrei

128 950 205 1023 sunt,
229 947 319 1006 homo
343 950 444 1006 autem
467 965 595 1022 aquosus
619 950 649 1006 et
671 947 796 1006 limosus
819 949 873 1008 est.
898 991 908 999 -

194 1039 243 1096 Dc
264 1035 352 1096 Adae
375 1037 530 1098 creatione.
567 1033 643 1094 Nam
666 1053 733 1094 cum
757 1036 829 1095 deus
852 1035 1002 1096 hominem
1025 1039 1149 1109 crearet,

87 1139 114 1182 10
128 1126 218 1184 limus
241 1145 295 1202 per
318 1145 426 1202 aquam
449 1125 672 1202 conglutinatus
695 1128 747 1200 est,
771 1144 805 1183 ox
820 1144 880 1200 quo
896 1124 984 1184 homo
999 1124 1149 1185 formatus

128 1220 182 1291 est,
217 1215 358 1291 misitque
396 1215 469 1274 deus
509 1215 541 1273 in
572 1214 699 1274 formam
730 1215 815 1273 illam
847 1215 1031 1289 spiraculum
1067 1215 1149 1276 vitae

127 1304 250 1380 igneum
273 1307 303 1364 et
326 1323 453 1363 aereum.
498 1303 538 1363 Et
569 1304 640 1380 quia
670 1304 767 1362 forma
796 1303 925 1363 hominis
957 1323 992 1362 ex
1019 1302 1095 1364 limo
1118 1307 1150 1364 et

127 1412 204 1468 aqua
236 1393 307 1469 fuit,
339 1412 374 1452 ex
402 1393 471 1470 igne
502 1393 634 1452 eiusdem
664 1393 806 1468 spiraculi
836 1394 916 1453 vitae
952 1393 1041 1452 limus
1080 1413 1149 1455 caro

128 1483 225 1542 factus
249 1486 301 1555 est,
326 1486 356 1542 et
379 1502 413 1541 ex
436 1501 502 1541 aere
525 1482 589 1541 eius
613 1501 699 1558 aqua,
722 1502 776 1558 per
800 1502 891 1558 quam
910 1482 1001 1541 limus
1025 1484 1148 1560 conglu-

86 1581 113 1628 15
127 1573 240 1631 tinctus
273 1575 330 1647 est,
361 1572 480 1649 sanguis
511 1571 614 1631 effecta
644 1574 698 1632 est.
746 1570 821 1630 (lum
849 1572 927 1631 enim
951 1572 1024 1631 deus
1046 1572 1148 1632 Adam

127 1664 251 1735 crearet,
283 1661 423 1736 splendor
446 1661 610 1721 divinitatis
634 1680 759 1720 msssem
781 1661 860 1732 limi,
888 1661 923 1718 de
946 1681 1006 1736 qna
1030 1665 1150 1723 creatus

127 1753 184 1824 est,
216 1750 430 1825 circumfulsit,
463 1753 493 1809 et
520 1751 564 1810 ita
585 1750 675 1809 limus
698 1750 750 1808 ille
773 1751 858 1809 illata
881 1750 979 1813 forma
1001 1750 1034 1809 in
1056 1750 1145 1811 linia-

126 1839 233 1897 mentis
260 1839 461 1899 membrorum
493 1839 622 1898 exterius
654 1840 797 1915 apparuit
828 1842 858 1897 et
884 1839 1012 1899 interius
1040 1860 1149 1902 vacua.

127 1928 210 1987 Tunc
233 1929 323 1988 etiam
346 1929 420 1988 deus
442 1929 566 1988 interius
589 1929 620 1986 in
645 1929 746 1987 eadem
769 1948 804 1988 ex
827 1928 932 1989 eadem
955 1947 1051 1988 massa
1081 1930 1150 1989 limi

86 2026 114 2073 20
127 2018 238 2077 creavit
261 2036 311 2076 eor
334 2021 364 2077 et
386 2019 469 2077 iecur
492 2021 522 2076 et
544 2017 717 2093 pulmonem
738 2036 771 2076 ac
787 2018 973 2077 stomachum
990 2021 1020 2079 et
1034 2019 1149 2079 viscera

128 2109 158 2164 ot
181 2106 335 2165 cerebrum
358 2125 392 2166 ac
415 2107 516 2166 oculos
540 2110 570 2166 et
589 2107 724 2183 linguam
740 2109 771 2165 et
785 2107 899 2182 reliqua
913 2108 1058 2167 interiore
1073 2110 1148 2173 eius.

126 2196 166 2253 st
188 2215 256 2255 cum
280 2196 352 2255 deus
374 2196 556 2271 spiraculum
580 2197 660 2255 vitae
684 2197 716 2254 in
731 2215 800 2255 eum
816 2197 906 2269 misit,
929 2198 1055 2257 materia
1072 2199 1148 2275 cius,

127 2304 202 2361 quaa
225 2304 290 2344 ossa
313 2287 343 2344 et
365 2285 498 2344 medulla
521 2303 555 2343 ac
577 2304 668 2344 venae
684 2289 764 2361 sunt,
789 2304 842 2359 per
861 2286 941 2345 idem
961 2287 1149 2361 spiraculum

127 2375 294 2434 confortata
326 2379 412 2447 sunt;
445 2378 475 2434 et
501 2373 578 2432 illud
608 2375 639 2432 in
668 2374 790 2433 eandem
818 2393 944 2434 messam
967 2377 1010 2434 ita
1033 2395 1064 2435 se
1090 2377 1148 2437 dis·

85 2473 113 2519 25
126 2464 222 2536 tinxit,
246 2467 282 2524 ut
304 2465 412 2524 vermis
435 2463 466 2521 in
490 2463 612 2522 domum
636 2482 721 2522 suam
743 2482 774 2523 se
796 2464 950 2541 intorquet
972 2468 1002 2524 et
1023 2469 1061 2524 ut
1075 2467 1146 2527 viri·

127 2553 203 2612 ditas
230 2554 261 2611 in
291 2555 395 2613 arbore
427 2555 482 2624 est3
515 2556 546 2612 et
580 2553 670 2612 etiam
705 2553 749 2611 ita
788 2555 957 2613 confortata
985 2556 1069 2631 sunt,
1110 2560 1145 2615 ut

126 2645 282 2719 argentum
305 2644 337 2702 in
359 2643 452 2702 alium
475 2643 598 2701 modum
620 2643 668 2713 fit,
693 2660 761 2701 cum
784 2642 861 2701 illud
883 2644 966 2702 faber
989 2644 1020 2702 in
1043 2644 1145 2721 ignem

126 2732 246 2805 proicit3
270 2734 299 2791 et
322 2733 417 2791 sicin
440 2732 527 2791 corde
550 2732 613 2790 eius
635 2730 721 2792 sedit.
767 2731 850 2791 Tunc
873 2733 963 2792 etiam
985 2733 1015 2791 in
1041 2735 1145 2794 eadem

126 2838 222 2879 massa
245 2821 281 2878 de
303 2821 371 2898 igne
394 2821 507 2879 animae
530 2839 597 2880 earo
621 2823 652 2879 et
674 2821 796 2896 sanguis
820 2821 899 2880 fecte
921 2823 999 2882 sunt.

83 2917 113 2964 30
193 2909 238 2967 Dc
261 2911 387 2982 capellis.
432 2909 471 2967 Et
498 2910 634 2968 viriditas
662 2910 778 2968 animae
805 2928 941 2986 spumam
963 2915 995 2971 et
1016 2911 1146 2972 humidi·

126 3001 218 3057 tatem
242 2998 279 3057 ad
302 3001 400 3073 caput,
424 2998 536 3058 scilicet
557 2998 588 3057 in
612 2999 767 3057 cerebrum
789 3000 880 3075 misit,
906 3001 983 3060 unde
1007 3003 1037 3060 et
1062 3020 1143 3062 cere·

126 3086 214 3146 brum
245 3087 404 3146 humidum
431 3091 486 3163 est,
519 3091 548 3146 et
580 3088 616 3147 de
648 3088 826 3149 humiditate
858 3090 910 3148 illa
942 3092 1035 3166 caput
1064 3092 1144 3166 pilos

126 3176 246 3239 emittit.

193 3266 238 3326 Dc
260 3267 453 3325 interioribus
474 3266 613 3328 domicia.
647 3265 758 3326 Anima
781 3271 883 3327 autem
902 3269 998 3346 ignea,
1021 3272 1147 3329 ventosa

83 3365 112 3410 35
128 3360 158 3414 et
179 3355 303 3415 humida
325 3359 370 3416 est
392 3359 424 3417 et
446 3358 544 3415 totum
568 3373 619 3414 cor
640 3354 768 3416 hominis
783 3358 922 3434 possidet.
960 3357 1052 3418 Jecur
1073 3378 1146 3420 vero

127 3463 178 3504 cor
201 3445 344 3519 calefacit,
367 3447 471 3521 pulmo
495 3443 573 3504 illud
592 3445 682 3522 tegit,
705 3447 874 3506 stomachus
900 3452 1000 3508 autem
1020 3448 1146 3510 interius

119 3533 327 3594 habitaculum
349 3535 381 3595 in
405 3553 527 3614 corpore
549 3533 677 3594 hominis
700 3538 744 3595 est
763 3537 800 3595 ad
816 3537 1035 3614 suscipiendum
1051 3537 1143 3600 cibos.
