2460 3862
130 134 191 195 176
514 128 763 187 HILDEGARDIS

129 316 219 374 otiam
241 314 400 374 foetentem
423 317 454 373 et
475 315 552 374 male
575 314 748 374 odorantem
771 315 899 376 halitum
923 319 954 376 et
972 317 1049 376 male
1072 316 1131 376 odo-

128 407 243 463 rantem
266 403 406 463 sudorem
428 422 545 480 semper
566 403 683 467 habent.
728 405 768 463 Et
798 404 928 464 foetidus
954 404 1064 465 halitus
1093 423 1131 464 eo·

127 513 196 552 rum
219 496 309 568 atque
331 493 403 551 mali
426 493 572 566 humores,
597 494 651 570 qui
673 495 705 553 in
719 493 792 570 ipsis
807 497 885 569 sunt,
908 494 1055 570 usquead
1069 512 1130 554 aare

128 583 217 641 brum
250 600 354 641 eorum
387 584 565 659 pertingunt
602 586 633 641 at
658 582 737 641 illud
758 583 790 641 in
813 583 987 643 infirmitate
1010 583 1131 662 fatigant,

86 679 101 723 5
129 672 209 748 quod
241 671 413 730 multotiens
440 672 524 733 velut
555 672 587 729 in
610 670 759 731 oblivione
782 672 829 731 sui
853 671 1014 734 ducuntur.
1060 671 1131 744 Quod

127 763 152 819 si
174 761 282 838 flegma
305 759 341 820 de
364 762 460 837 eapite
483 761 602 837 eiciunt,
625 761 724 820 minus
749 760 864 836 dolent,
888 762 970 837 quod
993 762 1131 822 oerebrun

127 869 230 910 eorum
260 853 422 927 purgatum
455 851 480 910 si
508 869 578 912 vero
606 850 715 927 flegma
738 869 797 910 non
819 849 940 922 eitiunt,
971 850 1132 928 gravium

127 940 224 1020 eapite
255 943 442 1016 torquentur,
475 940 613 1018 quoniam
637 939 790 999 cerebrum
821 958 909 999 suum
932 959 950 998 a
973 941 1066 1000 noxiis
1088 941 1130 999 hu·

127 1029 264 1088 moribus
279 1048 338 1087 non
353 1030 496 1092 relevant.
540 1030 580 1087 Et
602 1029 715 1088 foetens
730 1029 843 1089 balitus
865 1030 993 1088 istorum
1016 1030 1054 1087 ad
1075 1028 1132 1106 pul·

87 1123 244 1178 10mouem
265 1119 372 1177 transit
394 1122 424 1177 et
451 1138 519 1178 eum
550 1119 668 1195 fatigat,
700 1118 743 1177 ita
767 1118 961 1195 quodetiam
985 1117 1132 1196 aliquando

126 1225 246 1266 raucam
269 1225 372 1266 vocem
393 1207 510 1280 habent,
542 1207 592 1267 sed
622 1209 722 1266 tamen
745 1207 831 1267 dolor
852 1208 908 1267 iste
931 1226 991 1267 uon
1014 1209 1134 1269 multum

125 1298 311 1371 periculosus
335 1300 386 1369 est,
410 1298 492 1374 qnod
515 1298 574 1356 oito
598 1297 696 1355 curari
718 1299 826 1372 potest.

139 1421 143 1435 ·
192 1386 238 1446 De
253 1387 348 1460 epatis
362 1388 481 1449 duritie.
515 1380 579 1468 1)Si
603 1387 670 1461 quis
693 1386 825 1445 diversos
848 1385 929 1445 eibos
950 1386 1135 1446 immoderate

127 1479 156 1532 et
179 1475 335 1534 indiscrete
358 1476 517 1553 sumpserit
539 1480 569 1534 et
591 1475 633 1535 sio
656 1476 692 1534 de
716 1475 839 1534 diversis
861 1474 1042 1536 humoribus
1065 1476 1135 1536 eibo-

86 1572 113 1616 15
126 1584 194 1622 rum
217 1566 340 1623 illorum
362 1565 444 1625 ieeur
467 1565 530 1624 eius
553 1564 683 1624 laeditur
705 1568 736 1622 et
757 1563 927 1641 indurescit,
951 1563 1002 1623 hio
1024 1567 1136 1626 mimia

126 1651 306 1726 bufladeoba
328 1655 453 1730 aeoipiat
475 1657 505 1713 et
527 1653 572 1712 bis
595 1656 713 1712 tantum
736 1652 772 1711 de
792 1653 940 1713 radicibus
963 1654 1137 1732 plantaginis

126 1745 295 1802 attentum
317 1738 393 1816 meis,
426 1744 507 1820 quod
536 1747 582 1802 est
610 1743 688 1801 eirea
709 1743 824 1801 viscum
855 1743 923 1819 piri,
955 1747 993 1802 ut
1025 1746 1138 1804 minem

125 1825 341 1910 inflatissimis,
365 1836 395 1891 et
413 1833 562 1908 praefatas
583 1830 689 1890 herbas
711 1831 743 1889 in
765 1831 894 1891 medieas
916 1834 947 1890 et
969 1834 1077 1893 tenues
1099 1834 1138 1891 iu·

127 1920 250 1979 01010101
276 1922 389 1982 ineidat
411 1926 441 1981 et
467 1922 622 1981 incisiones
644 1921 715 1980 istas
738 1921 846 1980 subula
869 1923 923 1981 aut
944 1920 1004 1981 alio
1029 1923 1138 1982 minuto

85 2010 324 2070 minstrumento
346 2012 478 2087 perforet
500 2015 530 2070 et
552 2011 583 2068 in
605 2009 753 2069 foramina
775 2010 832 2070 ista
861 2009 1050 2087 praedietum
1079 2004 1139 2070 mis

126 2099 231 2176 infigat
253 2105 284 2158 et
306 2101 348 2160 sio
370 2101 401 2158 in
434 2120 546 2175 purum
577 2099 681 2158 vinum
715 2107 816 2174 ponat
860 2099 918 2159 Sed
958 2103 989 2159 et
1027 2101 1139 2176 pondus

125 2190 240 2248 nummi
262 2190 388 2266 accipiat
410 2194 558 2249 tumorem
580 2189 675 2260 illum,
709 2188 762 2265 qui
795 2193 848 2248 aut
877 2189 909 2248 in
940 2189 1015 2248 folio
1040 2190 1138 2250 autin

126 2280 294 2339 ramusculo
316 2280 385 2339 nuni
408 2280 492 2339 velut
514 2279 582 2337 faba
605 2281 658 2337 aut
680 2278 765 2336 velut
779 2279 844 2352 pisa
858 2278 1011 2354 intumuit,
1036 2279 1138 2339 ethos

125 2368 358 2443 impraedictum
381 2368 485 2429 vinum
507 2368 618 2438 mittat,
636 2370 666 2426 et
689 2366 795 2426 deinde
818 2370 881 2426 tam
903 2386 1032 2444 pransus
1056 2386 1139 2445 quam

84 2464 112 2508 25
125 2457 242 2517 ieiunus
275 2478 335 2518 uon
366 2461 481 2518 eootum
514 2457 564 2516 sed
598 2458 718 2514 tantum
751 2455 821 2515 vino
853 2457 1030 2532 impositum
1052 2457 1138 2517 bibat

126 2546 213 2606 Calor
236 2548 315 2606 enim
331 2550 362 2606 et
383 2547 479 2624 frigus
495 2548 615 2606 minuar
629 2545 841 2619 buslothdaobu
855 2546 1037 2606 inflationem
1053 2544 1138 2607 ieoori

125 2637 229 2712 aufert,
254 2638 334 2696 calor
358 2642 457 2696 autem
479 2634 668 2712 plantaginis,
691 2654 727 2694 ne
750 2633 832 2694 ieeur
854 2635 1032 2714 coaguletur
1055 2641 1086 2697 st
1106 2652 1139 2696 ne

124 2725 299 2802 indurescat,
323 2726 471 2801 probibet.
516 2724 574 2784 Sed
597 2723 695 2800 frigus
718 2716 817 2784 misses
839 2725 914 2784 visci
936 2725 996 2799 piri
1018 2725 1139 2786 livorem

126 2814 190 2872 eius
213 2815 331 2890 minuit,
355 2820 385 2874 et
407 2820 508 2874 tumor
530 2816 592 2891 ille,
616 2814 668 2890 qui
691 2813 722 2871 in
745 2813 819 2873 folio
843 2817 896 2874 aut
918 2813 950 2871 in
973 2813 1138 2876 ramusculo

83 2909 112 2956 30
125 2903 195 2961 nuoi
218 2907 270 2980 est,
294 2904 491 2963 amaritudine
514 2923 568 2964 sua
590 2921 698 2978 pravos
721 2902 868 2978 humores,
899 2903 951 2979 qui
982 2903 1067 2963 ieeur
1089 2905 1139 2962 lae·

126 2992 209 3063 dunt,
233 2993 340 3055 aufert.
385 2994 424 3053 Et
445 2993 517 3053 haee
543 3013 602 3052 non
634 2996 810 3068 coquantur,
842 2992 894 3051 sed
923 2995 1044 3052 tautum
1076 2993 1138 3053 vino

124 3099 185 3139 uon
208 3087 291 3141 00010
314 3082 512 3158 imponentur,
536 3086 572 3140 ut
593 3084 678 3140 tanto
713 3082 834 3140 suavius
866 3080 902 3139 ad
935 3082 1018 3141 ieeur
1042 3099 1138 3158 perve-

124 3170 215 3231 niant.
261 3171 411 3230 Moratum
435 3190 562 3248 quoque,
598 3171 651 3247 qui
685 3170 728 3229 sio
759 3171 848 3245 dolet,
882 3171 913 3228 in
946 3172 1025 3246 potu
1059 3187 1138 3246 saepe

124 3260 214 3330 bibat,
254 3261 396 3337 quoniam
430 3261 515 3320 dolor
545 3261 651 3320 iecoris
682 3261 856 3319 multotiens
881 3260 916 3318 de
939 3260 1139 3335 superfluitate

83 3355 111 3401 3⁶
125 3351 276 3427 sanguinis
300 3352 404 3426 oritur,
429 3370 518 3427 quem
541 3351 622 3410 onlor
645 3351 676 3409 et
698 3367 802 3408 suasus
826 3349 940 3424 moreti,
963 3349 1048 3426 quod
1063 3349 1139 3408 velut

197 3541 220 3612 1)
241 3560 265 3596 v.
288 3541 393 3597 13-25
412 3562 446 3590 =
464 3541 561 3613 bligue
581 3541 651 3596 1206
669 3540 758 3596 B-c.
