<?xml version="1.0" encoding="UTF-8"?>
<!DOCTYPE html PUBLIC "-//W3C//DTD XHTML 1.0 Transitional//EN"
    "http://www.w3.org/TR/xhtml1/DTD/xhtml1-transitional.dtd">
<html xmlns="http://www.w3.org/1999/xhtml" xml:lang="en" lang="en">
 <head>
  <title>
</title>
<meta http-equiv="Content-Type" content="text/html;charset=utf-8" />
  <meta name='ocr-system' content='tesseract 3.04.00' />
  <meta name='ocr-capabilities' content='ocr_page ocr_carea ocr_par ocr_line ocrx_word'/>
</head>
<body>
  <div class='ocr_page' id='page_1' title='image "./hildegardiscaus01hildgoog_0224.png"; bbox 0 0 2460 3862; ppageno 0'>
   <div class='ocr_carea' id='block_1_1' title="bbox 332 153 1091 220">
    <p class='ocr_par' dir='ltr' id='par_1_1' title="bbox 332 153 1091 220">
     <span class='ocr_line' id='line_1_1' title="bbox 332 153 1091 220; baseline 0.017 -12"><span class='ocrx_word' id='word_1_1' title='bbox 332 153 473 209; x_wconf 77' lang='lat' dir='ltr'>CAUSAE</span> <span class='ocrx_word' id='word_1_2' title='bbox 490 153 537 208; x_wconf 82' lang='grc' dir='ltr'>ΕΤ</span> <span class='ocrx_word' id='word_1_3' title='bbox 556 153 677 210; x_wconf 71' lang='grc'><strong>(11111111</strong></span> <span class='ocrx_word' id='word_1_4' title='bbox 696 153 763 208; x_wconf 90' lang='lat' dir='ltr'><strong>LIB.</strong></span> <span class='ocrx_word' id='word_1_5' title='bbox 783 153 831 209; x_wconf 83' lang='lat' dir='ltr'>IV.</span> <span class='ocrx_word' id='word_1_6' title='bbox 1028 159 1091 220; x_wconf 83' lang='lat'>213</span> 
     </span>
    </p>
   </div>
   <div class='ocr_carea' id='block_1_2' title="bbox 53 337 1134 3445">
    <p class='ocr_par' dir='ltr' id='par_1_2' title="bbox 53 337 1134 2021">
     <span class='ocr_line' id='line_1_2' title="bbox 53 337 1095 415; baseline 0 -17"><span class='ocrx_word' id='word_1_7' title='bbox 53 337 292 401; x_wconf 69' lang='lat' dir='ltr'>incontinentia</span> <span class='ocrx_word' id='word_1_8' title='bbox 325 340 458 415; x_wconf 89' lang='lat' dir='ltr'>leprosus</span> <span class='ocrx_word' id='word_1_9' title='bbox 492 339 633 411; x_wconf 84' lang='lat' dir='ltr'>eflicitur,</span> <span class='ocrx_word' id='word_1_10' title='bbox 667 339 864 415; x_wconf 79' lang='lat' dir='ltr'>agrimoniam</span> <span class='ocrx_word' id='word_1_11' title='bbox 902 339 1027 415; x_wconf 88' lang='lat' dir='ltr'>accipiat</span> <span class='ocrx_word' id='word_1_12' title='bbox 1064 343 1095 398; x_wconf 89' lang='lat' dir='ltr'>et</span> 
     </span>
     <span class='ocr_line' id='line_1_3' title="bbox 56 428 1093 506; baseline -0.001 -17"><span class='ocrx_word' id='word_1_13' title='bbox 56 429 238 489; x_wconf 77' lang='lat' dir='ltr'>secundum</span> <span class='ocrx_word' id='word_1_14' title='bbox 261 428 323 487; x_wconf 89' lang='lat' dir='ltr'>eius</span> <span class='ocrx_word' id='word_1_15' title='bbox 344 429 462 488; x_wconf 76' lang='lat' dir='ltr'><strong>tertiam</strong></span> <span class='ocrx_word' id='word_1_16' title='bbox 486 432 602 503; x_wconf 89' lang='lat' dir='ltr'>partem</span> <span class='ocrx_word' id='word_1_17' title='bbox 623 447 751 505; x_wconf 87' lang='lat' dir='ltr'><strong>ysopum</strong></span> <span class='ocrx_word' id='word_1_18' title='bbox 768 447 802 487; x_wconf 89' lang='lat' dir='ltr'>ac</span> <span class='ocrx_word' id='word_1_19' title='bbox 817 429 892 488; x_wconf 88' lang='lat' dir='ltr'>aseri</span> <span class='ocrx_word' id='word_1_20' title='bbox 907 429 952 488; x_wconf 85' lang='lat' dir='ltr'>bis</span> <span class='ocrx_word' id='word_1_21' title='bbox 967 431 1093 506; x_wconf 75' lang='lat' dir='ltr'>tantum,</span> 
     </span>
     <span class='ocr_line' id='line_1_4' title="bbox 53 513 1094 595; baseline 0 -18"><span class='ocrx_word' id='word_1_22' title='bbox 53 520 110 577; x_wconf 74' lang='grc'>101</span> <span class='ocrx_word' id='word_1_23' title='bbox 132 519 261 578; x_wconf 88' lang='lat' dir='ltr'>istorum</span> <span class='ocrx_word' id='word_1_24' title='bbox 285 517 413 577; x_wconf 85' lang='lat' dir='ltr'>duorum</span> <span class='ocrx_word' id='word_1_25' title='bbox 435 522 488 591; x_wconf 88' lang='lat' dir='ltr'>est,</span> <span class='ocrx_word' id='word_1_26' title='bbox 512 520 542 576; x_wconf 89' lang='lat' dir='ltr'>et</span> <span class='ocrx_word' id='word_1_27' title='bbox 564 518 670 577; x_wconf 79' lang='lat' dir='ltr'>herbas</span> <span class='ocrx_word' id='word_1_28' title='bbox 692 517 763 576; x_wconf 87' lang='lat' dir='ltr'>istas</span> <span class='ocrx_word' id='word_1_29' title='bbox 786 513 819 577; x_wconf 91' lang='lat' dir='ltr'>in</span> <span class='ocrx_word' id='word_1_30' title='bbox 839 517 969 577; x_wconf 88' lang='lat' dir='ltr'>caldario</span> <span class='ocrx_word' id='word_1_31' title='bbox 986 521 1094 595; x_wconf 89' lang='lat' dir='ltr'>coquat</span> 
     </span>
     <span class='ocr_line' id='line_1_5' title="bbox 58 607 1093 684; baseline 0.001 -18"><span class='ocrx_word' id='word_1_32' title='bbox 58 613 105 668; x_wconf 73' lang='lat' dir='ltr'>et</span> <span class='ocrx_word' id='word_1_33' title='bbox 128 608 171 667; x_wconf 90' lang='lat' dir='ltr'>sic</span> <span class='ocrx_word' id='word_1_34' title='bbox 200 607 339 666; x_wconf 90' lang='lat' dir='ltr'>balneum</span> <span class='ocrx_word' id='word_1_35' title='bbox 371 627 407 666; x_wconf 85' lang='lat' dir='ltr'>er</span> <span class='ocrx_word' id='word_1_36' title='bbox 437 607 483 666; x_wconf 89' lang='lat' dir='ltr'>his</span> <span class='ocrx_word' id='word_1_37' title='bbox 513 608 602 666; x_wconf 89' lang='lat' dir='ltr'>faeiat</span> <span class='ocrx_word' id='word_1_38' title='bbox 634 626 668 666; x_wconf 90' lang='lat' dir='ltr'>ac</span> <span class='ocrx_word' id='word_1_39' title='bbox 699 610 884 666; x_wconf 88' lang='lat' dir='ltr'>menstruum</span> <span class='ocrx_word' id='word_1_40' title='bbox 911 609 1093 684; x_wconf 87' lang='lat' dir='ltr'>sanguinem,</span> 
     </span>
     <span class='ocr_line' id='line_1_6' title="bbox 62 695 1121 773; baseline 0.001 -18"><span class='ocrx_word' id='word_1_41' title='bbox 62 700 226 773; x_wconf 78' lang='lat' dir='ltr'>quantum</span> <span class='ocrx_word' id='word_1_42' title='bbox 266 696 372 756; x_wconf 90' lang='lat' dir='ltr'>habere</span> <span class='ocrx_word' id='word_1_43' title='bbox 411 697 536 772; x_wconf 87' lang='lat' dir='ltr'>poterit,</span> <span class='ocrx_word' id='word_1_44' title='bbox 575 697 735 755; x_wconf 89' lang='lat' dir='ltr'>admisceat</span> <span class='ocrx_word' id='word_1_45' title='bbox 774 699 804 754; x_wconf 90' lang='lat' dir='ltr'>et</span> <span class='ocrx_word' id='word_1_46' title='bbox 843 697 888 755; x_wconf 88' lang='lat' dir='ltr'>ita</span> <span class='ocrx_word' id='word_1_47' title='bbox 922 695 1028 756; x_wconf 88' lang='lat' dir='ltr'>balneo</span> <span class='ocrx_word' id='word_1_48' title='bbox 1063 711 1121 756; x_wconf 81' lang='grc'>005</span> 
     </span>
     <span class='ocr_line' id='line_1_7' title="bbox 56 785 1094 862; baseline 0.001 -18"><span class='ocrx_word' id='word_1_49' title='bbox 56 785 218 862; x_wconf 87' lang='lat' dir='ltr'>imponat.</span> <span class='ocrx_word' id='word_1_50' title='bbox 264 785 321 844; x_wconf 88' lang='lat' dir='ltr'>Sed</span> <span class='ocrx_word' id='word_1_51' title='bbox 344 786 433 845; x_wconf 87' lang='lat' dir='ltr'>etiam</span> <span class='ocrx_word' id='word_1_52' title='bbox 461 786 497 845; x_wconf 89' lang='lat' dir='ltr'>de</span> <span class='ocrx_word' id='word_1_53' title='bbox 520 785 622 845; x_wconf 82' lang='lat' dir='ltr'>arvina</span> <span class='ocrx_word' id='word_1_54' title='bbox 644 785 752 844; x_wconf 78' lang='lat' dir='ltr'>anseris</span> <span class='ocrx_word' id='word_1_55' title='bbox 781 789 928 860; x_wconf 87' lang='lat' dir='ltr'>quantum</span> <span class='ocrx_word' id='word_1_56' title='bbox 955 787 1094 861; x_wconf 87' lang='lat' dir='ltr'>voluerit,</span> 
     </span>
     <span class='ocr_line' id='line_1_8' title="bbox 60 874 1094 952; baseline -0.003 -17"><span class='ocrx_word' id='word_1_57' title='bbox 60 875 203 950; x_wconf 73' lang='lat' dir='ltr'>accipiat</span> <span class='ocrx_word' id='word_1_58' title='bbox 232 878 262 934; x_wconf 90' lang='lat' dir='ltr'>et</span> <span class='ocrx_word' id='word_1_59' title='bbox 292 875 338 934; x_wconf 91' lang='lat' dir='ltr'>bis</span> <span class='ocrx_word' id='word_1_60' title='bbox 367 879 485 934; x_wconf 90' lang='lat' dir='ltr'>tanturn</span> <span class='ocrx_word' id='word_1_61' title='bbox 516 875 633 934; x_wconf 81' lang='lat' dir='ltr'>arvinae</span> <span class='ocrx_word' id='word_1_62' title='bbox 668 875 847 952; x_wconf 85' lang='lat' dir='ltr'>gallinarum</span> <span class='ocrx_word' id='word_1_63' title='bbox 879 893 912 934; x_wconf 88' lang='lat' dir='ltr'>ac</span> <span class='ocrx_word' id='word_1_64' title='bbox 943 874 1094 933; x_wconf 90' lang='lat' dir='ltr'>modicum</span> 
     </span>
     <span class='ocr_line' id='line_1_9' title="bbox 58 963 1093 1042; baseline -0.003 -18"><span class='ocrx_word' id='word_1_65' title='bbox 58 964 212 1024; x_wconf 71' lang='lat' dir='ltr'>stercoris</span> <span class='ocrx_word' id='word_1_66' title='bbox 241 965 421 1042; x_wconf 83' lang='lat' dir='ltr'>gallinarum</span> <span class='ocrx_word' id='word_1_67' title='bbox 454 967 483 1023; x_wconf 90' lang='grc'>01</span> <span class='ocrx_word' id='word_1_68' title='bbox 509 963 577 1022; x_wconf 87' lang='lat' dir='ltr'>inde</span> <span class='ocrx_word' id='word_1_69' title='bbox 605 968 791 1040; x_wconf 83' lang='lat' dir='ltr'>unguentum</span> <span class='ocrx_word' id='word_1_70' title='bbox 820 964 919 1026; x_wconf 86' lang='lat' dir='ltr'>faeiat.</span> <span class='ocrx_word' id='word_1_71' title='bbox 963 964 1093 1022; x_wconf 82' lang='lat' dir='ltr'>Etcum</span> 
     </span>
     <span class='ocr_line' id='line_1_10' title="bbox 63 1052 1094 1130; baseline -0.001 -17"><span class='ocrx_word' id='word_1_72' title='bbox 63 1054 111 1113; x_wconf 88' lang='lat' dir='ltr'>‹ls</span> <span class='ocrx_word' id='word_1_73' title='bbox 126 1052 279 1129; x_wconf 89' lang='lat' dir='ltr'>praedicto</span> <span class='ocrx_word' id='word_1_74' title='bbox 301 1053 405 1113; x_wconf 87' lang='lat' dir='ltr'>balneo</span> <span class='ocrx_word' id='word_1_75' title='bbox 428 1054 540 1128; x_wconf 83' lang='lat' dir='ltr'>exierit,</span> <span class='ocrx_word' id='word_1_76' title='bbox 564 1052 667 1112; x_wconf 90' lang='lat' dir='ltr'>eodem</span> <span class='ocrx_word' id='word_1_77' title='bbox 681 1058 836 1130; x_wconf 85' lang='lat' dir='ltr'>unguento</span> <span class='ocrx_word' id='word_1_78' title='bbox 852 1071 882 1112; x_wconf 91' lang='lat' dir='ltr'>se</span> <span class='ocrx_word' id='word_1_79' title='bbox 898 1057 1046 1130; x_wconf 88' lang='lat' dir='ltr'>perungat</span> <span class='ocrx_word' id='word_1_80' title='bbox 1060 1071 1094 1112; x_wconf 90' lang='lat' dir='ltr'>ac</span> 
     </span>
     <span class='ocr_line' id='line_1_11' title="bbox 64 1141 1134 1218; baseline -0.002 -17"><span class='ocrx_word' id='word_1_81' title='bbox 64 1143 105 1201; x_wconf 85' lang='lat' dir='ltr'>in</span> <span class='ocrx_word' id='word_1_82' title='bbox 137 1143 248 1202; x_wconf 87' lang='lat' dir='ltr'>lectum</span> <span class='ocrx_word' id='word_1_83' title='bbox 279 1162 309 1202; x_wconf 93' lang='lat' dir='ltr'>se</span> <span class='ocrx_word' id='word_1_84' title='bbox 339 1144 504 1205; x_wconf 87' lang='lat' dir='ltr'>recollocet.</span> <span class='ocrx_word' id='word_1_85' title='bbox 548 1143 589 1201; x_wconf 81' lang='lat' dir='ltr'>Et</span> <span class='ocrx_word' id='word_1_86' title='bbox 615 1143 656 1201; x_wconf 88' lang='lat' dir='ltr'>sic</span> <span class='ocrx_word' id='word_1_87' title='bbox 686 1142 855 1218; x_wconf 85' lang='lat' dir='ltr'>frequenter</span> <span class='ocrx_word' id='word_1_88' title='bbox 881 1142 985 1213; x_wconf 83' lang='lat' dir='ltr'>faciat,</span> <span class='ocrx_word' id='word_1_89' title='bbox 1021 1141 1092 1200; x_wconf 90' lang='lat' dir='ltr'>dum</span> <span class='ocrx_word' id='word_1_90' title='bbox 1107 1154 1134 1200; x_wconf 76' lang='grc' dir='ltr'>ιο</span> 
     </span>
     <span class='ocr_line' id='line_1_12' title="bbox 66 1230 1094 1309; baseline -0.001 -18"><span class='ocrx_word' id='word_1_91' title='bbox 66 1236 204 1294; x_wconf 84' lang='lat' dir='ltr'>sanetur.</span> <span class='ocrx_word' id='word_1_92' title='bbox 249 1230 337 1291; x_wconf 76' lang='lat' dir='ltr'>Calor</span> <span class='ocrx_word' id='word_1_93' title='bbox 359 1252 487 1309; x_wconf 90' lang='lat' dir='ltr'>namque</span> <span class='ocrx_word' id='word_1_94' title='bbox 509 1232 690 1307; x_wconf 81' lang='lat' dir='ltr'>agrimoniae</span> <span class='ocrx_word' id='word_1_95' title='bbox 710 1236 740 1290; x_wconf 89' lang='lat' dir='ltr'>et</span> <span class='ocrx_word' id='word_1_96' title='bbox 766 1232 914 1309; x_wconf 77' lang='lat' dir='ltr'>frigiditas</span> <span class='ocrx_word' id='word_1_97' title='bbox 940 1231 1027 1307; x_wconf 86' lang='lat' dir='ltr'>ysopi</span> <span class='ocrx_word' id='word_1_98' title='bbox 1060 1249 1094 1289; x_wconf 88' lang='lat' dir='ltr'>ac</span> 
     </span>
     <span class='ocr_line' id='line_1_13' title="bbox 71 1321 1093 1397; baseline 0 -17"><span class='ocrx_word' id='word_1_99' title='bbox 71 1322 156 1380; x_wconf 89' lang='lat' dir='ltr'>calor</span> <span class='ocrx_word' id='word_1_100' title='bbox 187 1322 261 1379; x_wconf 89' lang='lat' dir='ltr'>aseri</span> <span class='ocrx_word' id='word_1_101' title='bbox 293 1340 360 1380; x_wconf 87' lang='lat' dir='ltr'>cum</span> <span class='ocrx_word' id='word_1_102' title='bbox 392 1322 488 1381; x_wconf 89' lang='lat' dir='ltr'>calido</span> <span class='ocrx_word' id='word_1_103' title='bbox 520 1321 695 1379; x_wconf 89' lang='lat' dir='ltr'>menstruali</span> <span class='ocrx_word' id='word_1_104' title='bbox 730 1322 873 1397; x_wconf 87' lang='lat' dir='ltr'>sanguine</span> <span class='ocrx_word' id='word_1_105' title='bbox 909 1323 1093 1396; x_wconf 89' lang='lat' dir='ltr'>temperatus</span> 
     </span>
     <span class='ocr_line' id='line_1_14' title="bbox 69 1409 1093 1487; baseline 0 -18"><span class='ocrx_word' id='word_1_106' title='bbox 69 1410 266 1486; x_wconf 78' lang='lat' dir='ltr'>putredinem</span> <span class='ocrx_word' id='word_1_107' title='bbox 280 1411 367 1470; x_wconf 90' lang='lat' dir='ltr'>istius</span> <span class='ocrx_word' id='word_1_108' title='bbox 382 1411 481 1485; x_wconf 90' lang='lat' dir='ltr'>leprae</span> <span class='ocrx_word' id='word_1_109' title='bbox 498 1411 605 1473; x_wconf 86' lang='lat' dir='ltr'>aufert.</span> <span class='ocrx_word' id='word_1_110' title='bbox 630 1409 807 1487; x_wconf 85' lang='lat' dir='ltr'>Agrimonia</span> <span class='ocrx_word' id='word_1_111' title='bbox 829 1411 908 1469; x_wconf 88' lang='lat' dir='ltr'>enim</span> <span class='ocrx_word' id='word_1_112' title='bbox 930 1414 961 1469; x_wconf 91' lang='lat' dir='ltr'>et</span> <span class='ocrx_word' id='word_1_113' title='bbox 982 1428 1093 1486; x_wconf 86' lang='lat' dir='ltr'>ysopus</span> 
     </span>
     <span class='ocr_line' id='line_1_15' title="bbox 74 1499 1089 1575; baseline 0 -17"><span class='ocrx_word' id='word_1_114' title='bbox 74 1519 110 1558; x_wconf 89' lang='lat' dir='ltr'>ac</span> <span class='ocrx_word' id='word_1_115' title='bbox 132 1517 250 1558; x_wconf 86' lang='lat' dir='ltr'>asarum</span> <span class='ocrx_word' id='word_1_116' title='bbox 273 1518 337 1557; x_wconf 90' lang='lat' dir='ltr'>eam</span> <span class='ocrx_word' id='word_1_117' title='bbox 353 1500 493 1559; x_wconf 85' lang='lat' dir='ltr'>exsudare</span> <span class='ocrx_word' id='word_1_118' title='bbox 508 1500 629 1570; x_wconf 89' lang='lat' dir='ltr'>faciunt,</span> <span class='ocrx_word' id='word_1_119' title='bbox 652 1500 839 1558; x_wconf 89' lang='lat' dir='ltr'>menstrualis</span> <span class='ocrx_word' id='word_1_120' title='bbox 855 1502 956 1558; x_wconf 89' lang='lat' dir='ltr'>autem</span> <span class='ocrx_word' id='word_1_121' title='bbox 970 1499 1089 1575; x_wconf 89' lang='lat' dir='ltr'>sanguis</span> 
     </span>
     <span class='ocr_line' id='line_1_16' title="bbox 76 1588 1133 1665; baseline -0.003 -17"><span class='ocrx_word' id='word_1_122' title='bbox 76 1609 141 1648; x_wconf 88' lang='lat' dir='ltr'>eam</span> <span class='ocrx_word' id='word_1_123' title='bbox 166 1589 309 1665; x_wconf 91' lang='lat' dir='ltr'>opprimit</span> <span class='ocrx_word' id='word_1_124' title='bbox 331 1595 360 1648; x_wconf 90' lang='grc'>01</span> <span class='ocrx_word' id='word_1_125' title='bbox 383 1589 529 1659; x_wconf 83' lang='grc'><strong>00000111,</strong></span> <span class='ocrx_word' id='word_1_126' title='bbox 553 1589 637 1648; x_wconf 90' lang='lat' dir='ltr'>velut</span> <span class='ocrx_word' id='word_1_127' title='bbox 659 1588 796 1647; x_wconf 88' lang='lat' dir='ltr'>inimicus</span> <span class='ocrx_word' id='word_1_128' title='bbox 818 1589 972 1647; x_wconf 87' lang='lat' dir='ltr'>inimicum</span> <span class='ocrx_word' id='word_1_129' title='bbox 995 1601 1133 1658; x_wconf 84' lang='lat' dir='ltr'>snum,15</span> 
     </span>
     <span class='ocr_line' id='line_1_17' title="bbox 77 1676 1092 1754; baseline -0.001 -18"><span class='ocrx_word' id='word_1_130' title='bbox 77 1679 148 1754; x_wconf 89' lang='lat' dir='ltr'>quia</span> <span class='ocrx_word' id='word_1_131' title='bbox 170 1678 224 1736; x_wconf 91' lang='lat' dir='ltr'>illa</span> <span class='ocrx_word' id='word_1_132' title='bbox 247 1679 283 1736; x_wconf 87' lang='lat' dir='ltr'>de</span> <span class='ocrx_word' id='word_1_133' title='bbox 306 1678 429 1738; x_wconf 83' lang='lat' dir='ltr'>dirersis</span> <span class='ocrx_word' id='word_1_134' title='bbox 451 1677 626 1737; x_wconf 86' lang='lat' dir='ltr'>humoribus</span> <span class='ocrx_word' id='word_1_135' title='bbox 650 1677 811 1736; x_wconf 88' lang='lat' dir='ltr'>mulierum</span> <span class='ocrx_word' id='word_1_136' title='bbox 834 1677 995 1754; x_wconf 87' lang='lat' dir='ltr'>egreditur.</span> <span class='ocrx_word' id='word_1_137' title='bbox 1034 1676 1092 1735; x_wconf 85' lang='lat' dir='ltr'>Sed</span> 
     </span>
     <span class='ocr_line' id='line_1_18' title="bbox 77 1766 1092 1843; baseline -0.001 -18"><span class='ocrx_word' id='word_1_138' title='bbox 77 1769 179 1826; x_wconf 85' lang='lat' dir='ltr'>arvina</span> <span class='ocrx_word' id='word_1_139' title='bbox 208 1769 318 1826; x_wconf 84' lang='lat' dir='ltr'>anseris</span> <span class='ocrx_word' id='word_1_140' title='bbox 348 1771 378 1826; x_wconf 90' lang='lat' dir='ltr'>et</span> <span class='ocrx_word' id='word_1_141' title='bbox 408 1768 511 1827; x_wconf 87' lang='lat' dir='ltr'>arvina</span> <span class='ocrx_word' id='word_1_142' title='bbox 543 1767 724 1842; x_wconf 87' lang='lat' dir='ltr'>gallinarum</span> <span class='ocrx_word' id='word_1_143' title='bbox 756 1787 820 1824; x_wconf 91' lang='lat' dir='ltr'>eam</span> <span class='ocrx_word' id='word_1_144' title='bbox 848 1768 955 1826; x_wconf 87' lang='lat' dir='ltr'>leniter</span> <span class='ocrx_word' id='word_1_145' title='bbox 981 1766 1092 1843; x_wconf 87' lang='lat' dir='ltr'>unguit</span> 
     </span>
     <span class='ocr_line' id='line_1_19' title="bbox 77 1855 1091 1933; baseline -0.001 -19"><span class='ocrx_word' id='word_1_146' title='bbox 77 1860 107 1914; x_wconf 90' lang='grc'>01</span> <span class='ocrx_word' id='word_1_147' title='bbox 137 1860 233 1930; x_wconf 85' lang='grc'><strong>00001,</strong></span> <span class='ocrx_word' id='word_1_148' title='bbox 265 1861 379 1916; x_wconf 85' lang='grc'><strong>0100000</strong></span> <span class='ocrx_word' id='word_1_149' title='bbox 405 1875 476 1915; x_wconf 85' lang='lat' dir='ltr'>varo</span> <span class='ocrx_word' id='word_1_150' title='bbox 503 1857 684 1933; x_wconf 85' lang='lat' dir='ltr'>gallinarum</span> <span class='ocrx_word' id='word_1_151' title='bbox 711 1856 825 1927; x_wconf 79' lang='lat' dir='ltr'>sardae,</span> <span class='ocrx_word' id='word_1_152' title='bbox 858 1875 934 1932; x_wconf 90' lang='lat' dir='ltr'>quaa</span> <span class='ocrx_word' id='word_1_153' title='bbox 956 1855 1091 1915; x_wconf 85' lang='lat' dir='ltr'>residuae</span> 
     </span>
     <span class='ocr_line' id='line_1_20' title="bbox 77 1945 1091 2021; baseline 0.001 -17"><span class='ocrx_word' id='word_1_154' title='bbox 77 1949 155 2020; x_wconf 90' lang='lat' dir='ltr'>sunt,</span> <span class='ocrx_word' id='word_1_155' title='bbox 179 1945 317 2019; x_wconf 76' lang='lat' dir='ltr'>extrahit,</span> <span class='ocrx_word' id='word_1_156' title='bbox 342 1948 373 2004; x_wconf 91' lang='lat' dir='ltr'>et</span> <span class='ocrx_word' id='word_1_157' title='bbox 387 1945 429 2005; x_wconf 89' lang='lat' dir='ltr'>sic</span> <span class='ocrx_word' id='word_1_158' title='bbox 443 1945 494 2004; x_wconf 90' lang='lat' dir='ltr'>ille</span> <span class='ocrx_word' id='word_1_159' title='bbox 510 1945 672 2019; x_wconf 88' lang='lat' dir='ltr'>sanabitur,</span> <span class='ocrx_word' id='word_1_160' title='bbox 695 1950 750 2003; x_wconf 90' lang='lat' dir='ltr'>aut</span> <span class='ocrx_word' id='word_1_161' title='bbox 766 1946 838 2004; x_wconf 89' lang='lat' dir='ltr'>deus</span> <span class='ocrx_word' id='word_1_162' title='bbox 853 1964 911 2003; x_wconf 92' lang='lat' dir='ltr'>non</span> <span class='ocrx_word' id='word_1_163' title='bbox 927 1945 1091 2021; x_wconf 87' lang='lat' dir='ltr'>permittet.</span> 
     </span>
    </p>

    <p class='ocr_par' dir='ltr' id='par_1_3' title="bbox 75 2028 1134 3088">
     <span class='ocr_line' id='line_1_21' title="bbox 143 2028 1130 2113; baseline -0.002 -20"><span class='ocrx_word' id='word_1_164' title='bbox 143 2035 189 2093; x_wconf 84' lang='lat' dir='ltr'>De</span> <span class='ocrx_word' id='word_1_165' title='bbox 209 2039 301 2108; x_wconf 77' lang='lat' dir='ltr'>putta</span> <span class='ocrx_word' id='word_1_166' title='bbox 351 2028 496 2113; x_wconf 88' lang='lat' dir='ltr'>1)Homo‚</span> <span class='ocrx_word' id='word_1_167' title='bbox 529 2035 581 2110; x_wconf 89' lang='lat' dir='ltr'>qui</span> <span class='ocrx_word' id='word_1_168' title='bbox 603 2035 725 2092; x_wconf 89' lang='lat' dir='ltr'>mollem</span> <span class='ocrx_word' id='word_1_169' title='bbox 749 2053 866 2093; x_wconf 86' lang='lat' dir='ltr'>carnem</span> <span class='ocrx_word' id='word_1_170' title='bbox 887 2034 978 2093; x_wconf 91' lang='lat' dir='ltr'>habet</span> <span class='ocrx_word' id='word_1_171' title='bbox 1000 2038 1031 2093; x_wconf 91' lang='grc'>01</span> <span class='ocrx_word' id='word_1_172' title='bbox 1053 2034 1130 2093; x_wconf 77' lang='lat' dir='ltr'>deae</span> 
     </span>
     <span class='ocr_line' id='line_1_22' title="bbox 77 2122 1090 2200; baseline -0.001 -18"><span class='ocrx_word' id='word_1_173' title='bbox 77 2124 233 2199; x_wconf 90' lang='lat' dir='ltr'>superfluis</span> <span class='ocrx_word' id='word_1_174' title='bbox 264 2124 468 2200; x_wconf 90' lang='lat' dir='ltr'>potationibus</span> <span class='ocrx_word' id='word_1_175' title='bbox 498 2122 534 2182; x_wconf 89' lang='lat' dir='ltr'>de</span> <span class='ocrx_word' id='word_1_176' title='bbox 567 2126 669 2200; x_wconf 87' lang='lat' dir='ltr'>gutta,</span> <span class='ocrx_word' id='word_1_177' title='bbox 701 2123 733 2181; x_wconf 89' lang='lat' dir='ltr'>id</span> <span class='ocrx_word' id='word_1_178' title='bbox 762 2127 806 2182; x_wconf 91' lang='lat' dir='ltr'>ast</span> <span class='ocrx_word' id='word_1_179' title='bbox 827 2125 902 2199; x_wconf 77' lang='grc'><strong>01010,</strong></span> <span class='ocrx_word' id='word_1_180' title='bbox 930 2124 961 2181; x_wconf 82' lang='grc'>10</span> <span class='ocrx_word' id='word_1_181' title='bbox 989 2124 1090 2199; x_wconf 90' lang='lat' dir='ltr'>aliquo</span> 
     </span>
     <span class='ocr_line' id='line_1_23' title="bbox 77 2212 1092 2289; baseline -0.001 -19"><span class='ocrx_word' id='word_1_182' title='bbox 77 2212 209 2271; x_wconf 88' lang='lat' dir='ltr'>membro</span> <span class='ocrx_word' id='word_1_183' title='bbox 242 2231 296 2272; x_wconf 87' lang='grc'>000</span> <span class='ocrx_word' id='word_1_184' title='bbox 328 2213 493 2289; x_wconf 88' lang='lat' dir='ltr'>fatigatur,</span> <span class='ocrx_word' id='word_1_185' title='bbox 521 2213 738 2288; x_wconf 86' lang='lat' dir='ltr'>petroselinum</span> <span class='ocrx_word' id='word_1_186' title='bbox 771 2212 896 2288; x_wconf 89' lang='lat' dir='ltr'>accipiat</span> <span class='ocrx_word' id='word_1_187' title='bbox 925 2215 955 2270; x_wconf 91' lang='grc'>01</span> <span class='ocrx_word' id='word_1_188' title='bbox 986 2215 1092 2287; x_wconf 87' lang='lat' dir='ltr'>quater</span> 
     </span>
     <span class='ocr_line' id='line_1_24' title="bbox 77 2301 1093 2377; baseline -0.002 -17"><span class='ocrx_word' id='word_1_189' title='bbox 77 2303 194 2360; x_wconf 88' lang='lat' dir='ltr'>tantum</span> <span class='ocrx_word' id='word_1_190' title='bbox 217 2301 253 2360; x_wconf 97' lang='lat' dir='ltr'>de</span> <span class='ocrx_word' id='word_1_191' title='bbox 274 2301 365 2361; x_wconf 89' lang='lat' dir='ltr'>rutha</span> <span class='ocrx_word' id='word_1_192' title='bbox 387 2304 418 2360; x_wconf 88' lang='lat' dir='ltr'>et</span> <span class='ocrx_word' id='word_1_193' title='bbox 440 2303 471 2359; x_wconf 93' lang='lat' dir='ltr'>in</span> <span class='ocrx_word' id='word_1_194' title='bbox 493 2302 605 2377; x_wconf 88' lang='lat' dir='ltr'>patella</span> <span class='ocrx_word' id='word_1_195' title='bbox 632 2301 668 2360; x_wconf 91' lang='lat' dir='ltr'>de</span> <span class='ocrx_word' id='word_1_196' title='bbox 696 2303 760 2361; x_wconf 91' lang='lat' dir='ltr'>oleo</span> <span class='ocrx_word' id='word_1_197' title='bbox 788 2303 883 2362; x_wconf 87' lang='lat' dir='ltr'>olivae</span> <span class='ocrx_word' id='word_1_198' title='bbox 911 2301 1011 2370; x_wconf 86' lang='lat' dir='ltr'>frixet,</span> <span class='ocrx_word' id='word_1_199' title='bbox 1043 2301 1093 2359; x_wconf 82' lang='lat' dir='ltr'>val</span> 
     </span>
     <span class='ocr_line' id='line_1_25' title="bbox 78 2389 1092 2465; baseline -0.004 -15"><span class='ocrx_word' id='word_1_200' title='bbox 78 2391 103 2450; x_wconf 91' lang='lat' dir='ltr'>si</span> <span class='ocrx_word' id='word_1_201' title='bbox 135 2391 234 2449; x_wconf 88' lang='lat' dir='ltr'>oleum</span> <span class='ocrx_word' id='word_1_202' title='bbox 263 2390 318 2449; x_wconf 90' lang='lat' dir='ltr'>hoc</span> <span class='ocrx_word' id='word_1_203' title='bbox 344 2409 402 2450; x_wconf 91' lang='lat' dir='ltr'>non</span> <span class='ocrx_word' id='word_1_204' title='bbox 429 2391 580 2465; x_wconf 87' lang='lat' dir='ltr'>habuerit,</span> <span class='ocrx_word' id='word_1_205' title='bbox 610 2409 678 2449; x_wconf 89' lang='lat' dir='ltr'>cum</span> <span class='ocrx_word' id='word_1_206' title='bbox 710 2390 824 2449; x_wconf 89' lang='lat' dir='ltr'>hircino</span> <span class='ocrx_word' id='word_1_207' title='bbox 856 2409 925 2465; x_wconf 90' lang='lat' dir='ltr'>sepo</span> <span class='ocrx_word' id='word_1_208' title='bbox 956 2389 1092 2447; x_wconf 85' lang='lat' dir='ltr'>infrixari</span> 
     </span>
     <span class='ocr_line' id='line_1_26' title="bbox 77 2479 1132 2555; baseline -0.002 -18"><span class='ocrx_word' id='word_1_209' title='bbox 77 2479 174 2553; x_wconf 86' lang='lat' dir='ltr'>faeiat,</span> <span class='ocrx_word' id='word_1_210' title='bbox 198 2483 228 2538; x_wconf 90' lang='lat' dir='ltr'>et</span> <span class='ocrx_word' id='word_1_211' title='bbox 250 2480 355 2539; x_wconf 88' lang='lat' dir='ltr'>herbas</span> <span class='ocrx_word' id='word_1_212' title='bbox 377 2481 449 2539; x_wconf 89' lang='lat' dir='ltr'>istas</span> <span class='ocrx_word' id='word_1_213' title='bbox 472 2479 516 2538; x_wconf 88' lang='lat' dir='ltr'>ita</span> <span class='ocrx_word' id='word_1_214' title='bbox 538 2480 647 2539; x_wconf 90' lang='lat' dir='ltr'>calidas</span> <span class='ocrx_word' id='word_1_215' title='bbox 669 2480 744 2555; x_wconf 89' lang='lat' dir='ltr'>loco,</span> <span class='ocrx_word' id='word_1_216' title='bbox 766 2479 820 2538; x_wconf 92' lang='lat' dir='ltr'>ubi</span> <span class='ocrx_word' id='word_1_217' title='bbox 844 2479 934 2550; x_wconf 84' lang='lat' dir='ltr'>dolet,</span> <span class='ocrx_word' id='word_1_218' title='bbox 957 2479 1132 2552; x_wconf 75' lang='lat' dir='ltr'>imparatas</span> 
     </span>
     <span class='ocr_line' id='line_1_27' title="bbox 77 2566 1092 2646; baseline -0.003 -19"><span class='ocrx_word' id='word_1_219' title='bbox 77 2573 108 2627; x_wconf 91' lang='lat' dir='ltr'>et</span> <span class='ocrx_word' id='word_1_220' title='bbox 129 2588 226 2644; x_wconf 89' lang='lat' dir='ltr'>panno</span> <span class='ocrx_word' id='word_1_221' title='bbox 249 2569 376 2644; x_wconf 89' lang='lat' dir='ltr'>desuper</span> <span class='ocrx_word' id='word_1_222' title='bbox 398 2570 481 2646; x_wconf 89' lang='lat' dir='ltr'>liget.</span> <span class='ocrx_word' id='word_1_223' title='bbox 517 2567 593 2627; x_wconf 88' lang='lat' dir='ltr'>Nam</span> <span class='ocrx_word' id='word_1_224' title='bbox 615 2568 767 2644; x_wconf 83' lang='lat' dir='ltr'>frigiditas</span> <span class='ocrx_word' id='word_1_225' title='bbox 789 2586 893 2627; x_wconf 87' lang='lat' dir='ltr'>succus</span> <span class='ocrx_word' id='word_1_226' title='bbox 917 2566 1092 2642; x_wconf 87' lang='lat' dir='ltr'>petroselini</span> 
     </span>
     <span class='ocr_line' id='line_1_28' title="bbox 76 2654 1092 2735; baseline -0.003 -19"><span class='ocrx_word' id='word_1_227' title='bbox 76 2657 254 2717; x_wconf 88' lang='lat' dir='ltr'>inundantes</span> <span class='ocrx_word' id='word_1_228' title='bbox 276 2658 415 2717; x_wconf 90' lang='lat' dir='ltr'>humores</span> <span class='ocrx_word' id='word_1_229' title='bbox 438 2660 542 2735; x_wconf 90' lang='lat' dir='ltr'>guttae</span> <span class='ocrx_word' id='word_1_230' title='bbox 566 2659 736 2732; x_wconf 81' lang='lat' dir='ltr'>compescit,</span> <span class='ocrx_word' id='word_1_231' title='bbox 767 2658 846 2716; x_wconf 86' lang='lat' dir='ltr'>calor</span> <span class='ocrx_word' id='word_1_232' title='bbox 872 2660 971 2714; x_wconf 88' lang='lat' dir='ltr'>autem</span> <span class='ocrx_word' id='word_1_233' title='bbox 995 2654 1092 2714; x_wconf 90' lang='lat' dir='ltr'>acerbi</span> 
     </span>
     <span class='ocr_line' id='line_1_29' title="bbox 78 2746 1092 2824; baseline -0.003 -18"><span class='ocrx_word' id='word_1_234' title='bbox 78 2747 159 2806; x_wconf 88' lang='lat' dir='ltr'>succi</span> <span class='ocrx_word' id='word_1_235' title='bbox 181 2747 288 2806; x_wconf 85' lang='lat' dir='ltr'>ruthae</span> <span class='ocrx_word' id='word_1_236' title='bbox 304 2747 421 2807; x_wconf 89' lang='lat' dir='ltr'>eosdem</span> <span class='ocrx_word' id='word_1_237' title='bbox 435 2749 573 2807; x_wconf 88' lang='lat' dir='ltr'>humores</span> <span class='ocrx_word' id='word_1_238' title='bbox 591 2747 775 2824; x_wconf 87' lang='lat' dir='ltr'>constringit,</span> <span class='ocrx_word' id='word_1_239' title='bbox 798 2766 834 2805; x_wconf 97' lang='grc'>00</span> <span class='ocrx_word' id='word_1_240' title='bbox 857 2764 948 2820; x_wconf 86' lang='grc'><strong>00000</strong></span> <span class='ocrx_word' id='word_1_241' title='bbox 970 2746 1092 2804; x_wconf 89' lang='lat' dir='ltr'>modurn</span> 
     </span>
     <span class='ocr_line' id='line_1_30' title="bbox 77 2836 1091 2913; baseline -0.002 -18"><span class='ocrx_word' id='word_1_242' title='bbox 77 2840 261 2913; x_wconf 84' lang='lat' dir='ltr'>grossantur,</span> <span class='ocrx_word' id='word_1_243' title='bbox 294 2837 392 2895; x_wconf 88' lang='lat' dir='ltr'>oleum</span> <span class='ocrx_word' id='word_1_244' title='bbox 424 2841 521 2896; x_wconf 89' lang='lat' dir='ltr'>autem</span> <span class='ocrx_word' id='word_1_245' title='bbox 556 2843 609 2895; x_wconf 90' lang='lat' dir='ltr'>aut</span> <span class='ocrx_word' id='word_1_246' title='bbox 635 2836 784 2895; x_wconf 88' lang='lat' dir='ltr'>hircinum</span> <span class='ocrx_word' id='word_1_247' title='bbox 811 2854 915 2911; x_wconf 90' lang='lat' dir='ltr'>sepum</span> <span class='ocrx_word' id='word_1_248' title='bbox 947 2853 995 2894; x_wconf 92' lang='lat' dir='ltr'>eos</span> <span class='ocrx_word' id='word_1_249' title='bbox 1025 2854 1091 2911; x_wconf 87' lang='lat' dir='ltr'>per·</span> 
     </span>
     <span class='ocr_line' id='line_1_31' title="bbox 77 2925 1134 3001; baseline -0.001 -18"><span class='ocrx_word' id='word_1_250' title='bbox 77 2926 186 2984; x_wconf 87' lang='lat' dir='ltr'>transit</span> <span class='ocrx_word' id='word_1_251' title='bbox 208 2929 239 2984; x_wconf 93' lang='lat' dir='ltr'>et</span> <span class='ocrx_word' id='word_1_252' title='bbox 261 2925 406 3001; x_wconf 84' lang='lat' dir='ltr'>dissolvit,</span> <span class='ocrx_word' id='word_1_253' title='bbox 430 2929 460 2984; x_wconf 88' lang='lat' dir='ltr'>et</span> <span class='ocrx_word' id='word_1_254' title='bbox 482 2927 526 2984; x_wconf 90' lang='lat' dir='ltr'>ita</span> <span class='ocrx_word' id='word_1_255' title='bbox 547 2926 668 3000; x_wconf 84' lang='lat' dir='ltr'>faciunt,</span> <span class='ocrx_word' id='word_1_256' title='bbox 692 2944 760 2984; x_wconf 88' lang='lat' dir='ltr'>aum</span> <span class='ocrx_word' id='word_1_257' title='bbox 774 2926 864 2983; x_wconf 89' lang='lat' dir='ltr'>simul</span> <span class='ocrx_word' id='word_1_258' title='bbox 878 2928 1091 3000; x_wconf 86' lang='lat' dir='ltr'>temperantur,</span> <span class='ocrx_word' id='word_1_259' title='bbox 1104 2937 1134 2982; x_wconf 80' lang='grc'>30</span> 
     </span>
     <span class='ocr_line' id='line_1_32' title="bbox 75 3015 381 3088; baseline 0 -16"><span class='ocrx_word' id='word_1_260' title='bbox 75 3017 113 3072; x_wconf 87' lang='grc'>01</span> <span class='ocrx_word' id='word_1_261' title='bbox 135 3015 307 3088; x_wconf 87' lang='lat' dir='ltr'>praefatum</span> <span class='ocrx_word' id='word_1_262' title='bbox 330 3016 381 3074; x_wconf 88' lang='lat' dir='ltr'>est.</span> 
     </span>
    </p>

    <p class='ocr_par' dir='ltr' id='par_1_4' title="bbox 78 3094 1131 3445">
     <span class='ocr_line' id='line_1_33' title="bbox 145 3094 1091 3182; baseline 0 -21"><span class='ocrx_word' id='word_1_263' title='bbox 145 3103 191 3162; x_wconf 85' lang='lat' dir='ltr'>De</span> <span class='ocrx_word' id='word_1_264' title='bbox 213 3103 363 3175; x_wconf 78' lang='lat' dir='ltr'>scrofalis.</span> <span class='ocrx_word' id='word_1_265' title='bbox 412 3094 475 3182; x_wconf 79' lang='lat' dir='ltr'>²)si</span> <span class='ocrx_word' id='word_1_266' title='bbox 499 3104 567 3180; x_wconf 89' lang='lat' dir='ltr'>quis</span> <span class='ocrx_word' id='word_1_267' title='bbox 590 3104 697 3175; x_wconf 67' lang='grc'><strong>001000</strong></span> <span class='ocrx_word' id='word_1_268' title='bbox 718 3103 750 3160; x_wconf 92' lang='lat' dir='ltr'>in</span> <span class='ocrx_word' id='word_1_269' title='bbox 772 3121 894 3178; x_wconf 87' lang='grc'><strong>0000000</strong></span> <span class='ocrx_word' id='word_1_270' title='bbox 917 3121 971 3161; x_wconf 88' lang='grc'>000</span> <span class='ocrx_word' id='word_1_271' title='bbox 994 3102 1091 3177; x_wconf 89' lang='lat' dir='ltr'>habet,</span> 
     </span>
     <span class='ocr_line' id='line_1_34' title="bbox 78 3192 1090 3268; baseline -0.001 -18"><span class='ocrx_word' id='word_1_272' title='bbox 78 3195 238 3267; x_wconf 88' lang='lat' dir='ltr'>antequam</span> <span class='ocrx_word' id='word_1_273' title='bbox 260 3197 449 3268; x_wconf 86' lang='lat' dir='ltr'>rumpantur,</span> <span class='ocrx_word' id='word_1_274' title='bbox 473 3192 598 3268; x_wconf 87' lang='lat' dir='ltr'>accipiat</span> <span class='ocrx_word' id='word_1_275' title='bbox 620 3192 801 3264; x_wconf 78' lang='lat' dir='ltr'>buflattebo,</span> <span class='ocrx_word' id='word_1_276' title='bbox 824 3192 949 3251; x_wconf 89' lang='lat' dir='ltr'>maiores</span> <span class='ocrx_word' id='word_1_277' title='bbox 971 3192 1090 3264; x_wconf 88' lang='lat' dir='ltr'>scilicet,</span> 
     </span>
     <span class='ocr_line' id='line_1_35' title="bbox 78 3280 1090 3357; baseline -0.003 -18"><span class='ocrx_word' id='word_1_278' title='bbox 78 3300 155 3357; x_wconf 88' lang='lat' dir='ltr'>quae</span> <span class='ocrx_word' id='word_1_279' title='bbox 171 3282 298 3340; x_wconf 85' lang='lat' dir='ltr'>exterius</span> <span class='ocrx_word' id='word_1_280' title='bbox 315 3282 398 3340; x_wconf 88' lang='lat' dir='ltr'>albae</span> <span class='ocrx_word' id='word_1_281' title='bbox 413 3288 444 3341; x_wconf 88' lang='grc'>01</span> <span class='ocrx_word' id='word_1_282' title='bbox 458 3282 584 3341; x_wconf 87' lang='lat' dir='ltr'>interius</span> <span class='ocrx_word' id='word_1_283' title='bbox 598 3282 707 3341; x_wconf 84' lang='lat' dir='ltr'>virides</span> <span class='ocrx_word' id='word_1_284' title='bbox 722 3283 800 3351; x_wconf 87' lang='lat' dir='ltr'>sunt,</span> <span class='ocrx_word' id='word_1_285' title='bbox 824 3284 854 3340; x_wconf 93' lang='lat' dir='ltr'>et</span> <span class='ocrx_word' id='word_1_286' title='bbox 867 3281 952 3339; x_wconf 86' lang='lat' dir='ltr'>iuxta</span> <span class='ocrx_word' id='word_1_287' title='bbox 966 3280 1090 3340; x_wconf 85' lang='lat' dir='ltr'>caudam</span> 
     </span>
     <span class='ocr_line' id='line_1_36' title="bbox 78 3368 1131 3445; baseline -0.002 -17"><span class='ocrx_word' id='word_1_288' title='bbox 78 3370 239 3445; x_wconf 87' lang='lat' dir='ltr'>abrumpat</span> <span class='ocrx_word' id='word_1_289' title='bbox 261 3371 422 3429; x_wconf 88' lang='lat' dir='ltr'>secundum</span> <span class='ocrx_word' id='word_1_290' title='bbox 450 3371 640 3430; x_wconf 89' lang='lat' dir='ltr'>latitudinem</span> <span class='ocrx_word' id='word_1_291' title='bbox 667 3371 774 3442; x_wconf 74' lang='lat' dir='ltr'>erfone</span> <span class='ocrx_word' id='word_1_292' title='bbox 801 3375 831 3429; x_wconf 91' lang='lat' dir='ltr'>et</span> <span class='ocrx_word' id='word_1_293' title='bbox 858 3372 954 3429; x_wconf 88' lang='lat' dir='ltr'>cetera</span> <span class='ocrx_word' id='word_1_294' title='bbox 984 3368 1131 3428; x_wconf 62' lang='lat' dir='ltr'>abiciatur</span> 
     </span>
    </p>
   </div>
   <div class='ocr_carea' id='block_1_3' title="bbox 77 3506 1089 3650">
    <p class='ocr_par' dir='ltr' id='par_1_5' title="bbox 77 3506 1089 3650">
     <span class='ocr_line' id='line_1_37' title="bbox 155 3506 1089 3578; baseline -0.005 -17"><span class='ocrx_word' id='word_1_295' title='bbox 155 3507 174 3577; x_wconf 81' lang='lat'>¹)</span> <span class='ocrx_word' id='word_1_296' title='bbox 204 3526 228 3561; x_wconf 84' lang='lat' dir='ltr'>v.</span> <span class='ocrx_word' id='word_1_297' title='bbox 250 3508 356 3561; x_wconf 82' lang='lat'>21-26</span> <span class='ocrx_word' id='word_1_298' title='bbox 377 3531 407 3557; x_wconf 94' lang='lat'>=</span> <span class='ocrx_word' id='word_1_299' title='bbox 428 3508 526 3576; x_wconf 88' lang='lat' dir='ltr'>Migne</span> <span class='ocrx_word' id='word_1_300' title='bbox 550 3508 618 3562; x_wconf 88' lang='grc'><strong>1159</strong></span> <span class='ocrx_word' id='word_1_301' title='bbox 641 3507 672 3561; x_wconf 91' lang='grc' dir='ltr'>Β.</span> <span class='ocrx_word' id='word_1_302' title='bbox 692 3507 767 3573; x_wconf 71' lang='lat'>-²)</span> <span class='ocrx_word' id='word_1_303' title='bbox 795 3525 819 3560; x_wconf 82' lang='lat' dir='ltr'>v.</span> <span class='ocrx_word' id='word_1_304' title='bbox 842 3506 940 3578; x_wconf 81' lang='lat' dir='ltr'>ar-p.</span> <span class='ocrx_word' id='word_1_305' title='bbox 963 3506 1038 3574; x_wconf 48' lang='lat'>2144</span> <span class='ocrx_word' id='word_1_306' title='bbox 1059 3529 1089 3556; x_wconf 95' lang='lat'>=</span> 
     </span>
     <span class='ocr_line' id='line_1_38' title="bbox 77 3579 520 3650; baseline 0 -17"><span class='ocrx_word' id='word_1_307' title='bbox 77 3579 175 3650; x_wconf 84' lang='lat' dir='ltr'>Migne</span> <span class='ocrx_word' id='word_1_308' title='bbox 195 3580 263 3634; x_wconf 84' lang='grc'><strong>1165</strong></span> <span class='ocrx_word' id='word_1_309' title='bbox 285 3579 319 3644; x_wconf 79' lang='grc' dir='ltr'>Ο;</span> <span class='ocrx_word' id='word_1_310' title='bbox 340 3580 408 3634; x_wconf 80' lang='lat'>1206</span> <span class='ocrx_word' id='word_1_311' title='bbox 427 3580 520 3634; x_wconf 84' lang='lat' dir='ltr'>A—B.</span> 
     </span>
    </p>
   </div>
   <div class='ocr_carea' id='block_1_4' title="bbox 0 0 1238 3862">
    <p class='ocr_par' dir='ltr' id='par_1_6' title="bbox 0 0 1238 3862">
     <span class='ocr_line' id='line_1_39' title="bbox 0 0 1238 3862; baseline 0 0"><span class='ocrx_word' id='word_1_312' title='bbox 0 0 1238 3862; x_wconf 95' lang='lat' dir='ltr'> </span> 
     </span>
    </p>
   </div>
  </div>
 </body>
</html>
