2460 3862
354 126 494 182 CAUSAE
514 127 561 181 ET
580 126 699 181 GURAE
717 127 784 182 LIB.
804 129 839 181 ll.
1043 132 1105 191 139

81 314 152 370 ante
175 311 378 370 maturitatem
406 309 564 370 habuisset.
595 310 623 368 A
639 311 886 387 quinquagesimo
908 314 1008 370 autem
1031 330 1107 370 anno

84 401 217 477 pueriles
242 403 271 459 et
293 400 443 459 instabiles
465 419 562 458 mores
584 400 672 460 homo
695 401 804 458 deserit
826 404 857 458 et
880 399 999 459 stabiles
1014 418 1109 459 mores

84 489 292 566 apprehendit,
316 491 346 548 et
368 489 393 548 si
415 489 520 548 viridis
543 493 573 547 et
595 489 690 552 tortis¹
704 493 827 547 naturae
850 493 906 561 est,
935 492 1008 548 tnnc
1031 491 1109 548 calor

85 578 293 638 delectationis
308 579 396 638 'circa
417 579 668 654 septuagesimum
696 598 806 636 annum
836 579 873 635 ab
905 597 939 636 eo
973 579 1108 653 declinat,

84 669 112 728 si
146 686 219 727 vero
251 667 356 726 debilis
388 670 512 726 naturae
544 668 644 742 fuerit,
676 670 748 726 ωηο
783 668 860 726 circa
894 668 1136 744 sexagesimuma

86 776 200 815 annum
222 757 254 815 in
275 756 328 814 illo
352 759 534 831 attenuatur,
569 760 598 815 et
632 758 675 815 ita
708 775 803 832 usque
835 756 873 813 ad
896 758 1110 832 octogesimum

86 865 211 918 annnm3
241 844 276 903 ab
299 846 477 922 octogesimo
501 849 601 904 autem
623 864 698 904 anno
721 846 781 903 iam
803 847 834 903 in
857 863 890 903 eo
915 847 1110 922 extinguitur.

87 934 195 994 Puella
218 954 235 992 a
259 933 433 994 duodecimo
457 936 561 994 aetatis
583 953 653 993 suae
676 954 752 994 anno
768 937 891 1012 gustum
907 934 1109 993 delectationis

87 1025 121 1083 in
143 1043 174 1083 se
196 1024 293 1096 sentit,
317 1029 349 1083 et
369 1026 442 1082 tunc
465 1024 555 1082 etiam
579 1024 615 1082 de
629 1024 745 1083 lascivis
761 1023 990 1099 cogitationibus
1005 1041 1110 1099 spuma

88 1112 299 1184 delectationis⁴
314 1113 350 1171 de
372 1113 424 1171 illa
446 1113 532 1172 facile
555 1113 691 1186 exsudat,
725 1113 860 1189 quamvis
888 1113 988 1171 eadem
1018 1113 1152 1172 deleo-1⁰

86 1203 165 1262 tatio
188 1202 321 1260 nondum
346 1205 465 1260 matura
489 1203 525 1260 ad
548 1221 646 1261 semen
670 1202 718 1265 sit.
763 1202 803 1262 nt
818 1221 886 1260 oum
901 1203 1000 1276 puella
1015 1201 1111 1260 adhuc

86 1292 251 1350 immatura
273 1294 325 1365 est,
349 1293 468 1367 oportet
478 1295 515 1350 ut
537 1291 762 1368 diligentissima
784 1291 918 1349 custodia
933 1294 1110 1362 coerceatur,

87 1400 125 1440 ne
146 1381 180 1438 in
203 1380 357 1439 lasciviam
378 1380 475 1455 vadat,
507 1381 587 1456 quod
619 1383 692 1439 tnnc
720 1380 816 1456 magis
840 1400 930 1456 quam
954 1381 1012 1439 alio
1035 1383 1109 1439 tem-

87 1489 162 1547 pore
184 1471 215 1527 in
237 1470 393 1545 vagatione
418 1471 525 1528 mentis
548 1469 692 1528 dissoluta
720 1473 770 1530 est.
817 1467 891 1527 Nam
919 1487 986 1527 cum
1015 1469 1111 1528 adhuc

87 1560 121 1618 in
143 1559 307 1617 immatura
329 1561 423 1617 aetate
445 1558 553 1618 fertilis
575 1562 706 1629 nonest,
730 1559 755 1616 si
770 1563 842 1617 tunc
857 1577 915 1616 non
931 1559 1110 1634 custoditur,
1124 1566 1151 1610 15

87 1651 124 1707 ut
140 1647 329 1723 praedictum
344 1652 396 1723 est,
418 1666 519 1707 sensus
534 1647 696 1707 honestatis
712 1650 741 1706 et
757 1647 882 1722 pudoris
897 1652 987 1723 atque
1003 1648 1111 1706 bonam

88 1737 243 1797 scientiam
277 1756 348 1812 prae
382 1738 542 1796 immatura
576 1737 768 1796 delectatione
802 1740 831 1796 et
865 1737 1003 1795 libertate
1025 1737 1111 1796 facile

88 1826 197 1902 perdit,
221 1827 264 1885 ita
286 1825 367 1902 qnod
389 1827 479 1885 etiam
501 1829 623 1902 propter
644 1827 753 1884 malam
776 1827 1019 1885 consuetudinem
1035 1830 1112 1902 post-

88 1916 213 1976 modnm
244 1933 340 1973 mores
368 1934 509 1989 pecorum
540 1917 635 1991 magis
667 1934 758 1990 quam
787 1915 941 1973 hominum
964 1916 1111 1976 imitatur.

88 2004 125 2064 In
150 2004 391 2080 quintodecimo
415 2007 514 2062 autem
537 2024 612 2063 anno
637 2005 743 2062 aetatis
765 2005 855 2077 illius,
889 2006 914 2063 si
945 2005 1050 2064 viridis
1083 2009 1112 2064 et
1126 2011 1154 2056 20

88 2093 231 2152 humidae
266 2097 390 2152 naturae
422 2095 522 2166 fuerit,
557 2094 711 2153 delectatio
742 2094 772 2151 in
805 2114 839 2152 ea
861 2094 920 2152 iam
944 2098 1062 2153 matura
1085 2098 1114 2152 et

91 2182 202 2242 fertilis
226 2187 278 2257 est,
301 2182 348 2242 vel
372 2183 398 2241 si
419 2183 523 2242 debilis
546 2187 576 2241 et
598 2183 730 2241 infirmae
752 2187 876 2241 naturae
905 2187 961 2254 est,
990 2186 1061 2241 tunc
1083 2184 1114 2240 in

92 2276 176 2332 sexto
200 2271 312 2330 decimo
336 2290 412 2330 anno
436 2272 472 2330 ad
495 2273 699 2331 maturitatem
722 2272 887 2331 fertilitatis
910 2273 1053 2349 pervenit,
1082 2290 1115 2329 ac

92 2361 199 2420 deinde
223 2364 373 2419 maturum
396 2366 426 2419 et
448 2362 569 2437 plenum
592 2362 777 2419 intellectum
799 2362 889 2420 habet
911 2365 941 2419 et
964 2362 1001 2420 ad
1024 2359 1115 2419 stabi-

91 2451 183 2509 liores
206 2468 302 2508 mores
333 2450 452 2525 accedit,
486 2470 575 2526 quam
607 2451 691 2526 prius
722 2451 843 2510 fecisset.
889 2449 945 2508 Sed
978 2453 1007 2508 et
1039 2451 1156 2508 circaeo

92 2539 376 2615 quinquagesimum
422 2540 527 2598 aetatis
568 2559 638 2598 suae
682 2559 791 2597 annum
832 2539 979 2614 puellares
1019 2557 1116 2597 mores

92 2633 124 2688 et
163 2631 266 2704 gestus
308 2627 509 2687 instabilitatis
547 2629 638 2687 abicit
678 2633 709 2687 et
749 2629 947 2704 compositum
986 2647 1019 2686 ac
1056 2632 1113 2686 sta·

92 2716 186 2776 bilem
210 2721 341 2775 tenorem
369 2718 399 2775 in
432 2717 563 2775 moribus
595 2719 656 2776 suis
688 2717 792 2776 deinde
824 2720 911 2776 tenet.
958 2717 989 2775 Si
1017 2721 1116 2776 antem

92 2806 237 2866 humidae
274 2808 304 2864 et
340 2806 445 2865 viridis
483 2825 517 2865 ac
539 2806 626 2865 fortis
664 2810 788 2864 naturae
831 2811 887 2881 est,
930 2811 1002 2865 tunc
1040 2808 1118 2867 circa

91 2897 344 2971 septuagesimum
374 2915 484 2953 annum
512 2895 668 2954 delectatio
696 2897 792 2954 carnis
819 2896 850 2954 in
877 2916 912 2954 ea
936 2899 1116 2971 attenuatur,
1130 2904 1158 2949 30

91 2986 119 3044 si
149 2987 251 3043 autem
279 2988 398 3042 tenuem
436 2988 467 3044 et
503 2985 649 3043 infirmam
684 2991 822 3043 naturam
860 2986 1010 3060 hahuerit,
1046 2990 1118 3044 tuno

92 3075 173 3134 circa
207 3074 420 3150 sexagesimum
450 3094 560 3132 annum
592 3073 627 3131 ab
656 3093 690 3131 ea
717 3074 844 3133 declinat
873 3080 904 3133 et
931 3077 1008 3134 circa
1040 3078 1117 3133 octo·

91 3164 242 3241 gesimum
276 3182 385 3221 annum
422 3182 486 3221 eam
520 3163 642 3236 deserit,
676 3164 926 3240 quemadmodum
958 3165 1047 3222 etiam
1082 3163 1117 3220 de

91 3252 226 3312 masculo
254 3252 439 3327 praedictum
466 3256 518 3312 est.
565 3251 623 3321 Qui
648 3256 747 3311 autem
767 3271 864 3311 semen
884 3272 970 3311 suum
995 3254 1026 3310 in
1052 3251 1117 3309 libi·

93 3342 162 3401 dine
186 3344 223 3399 ut
245 3341 319 3399 asini
343 3343 503 3417 excutiunt,
526 3342 632 3400 rubeos
656 3342 756 3400 oculos
780 3348 809 3401 et
831 3342 936 3417 pellem
962 3342 1115 3400 oculorum
1130 3348 1157 3393 35

92 3431 220 3507 spissam
252 3431 354 3489 exinde
386 3431 579 3505 contrahunt,
613 3434 642 3488 et
672 3430 776 3489 exinde
809 3433 898 3489 etiam
931 3432 1117 3506 aliquantum

92 3520 125 3579 in
160 3519 255 3579 oculis
282 3520 419 3595 caligant.
464 3521 522 3590 Qui
545 3539 613 3578 vero
637 3520 788 3580 moderate
816 3524 847 3580 et
875 3539 947 3579 curn
966 3519 1128 3594 disciplina
