2460 3862
124 141 164 200 70
508 132 754 189 HILDEGARDIS

123 319 212 378 etiam
234 318 266 375 in
288 318 417 393 procella
440 317 642 377 delectationis
657 321 766 376 natura
780 316 839 377 riri
854 316 976 377 difficile
991 319 1138 395 compesci

123 411 154 467 et
185 407 329 467 contineri
360 406 446 467 valet.
500 390 565 465 sed'
588 408 619 465 in
650 407 750 478 undis,
781 425 856 482 quae
888 406 924 464 de
956 407 1016 465 leni
1049 410 1138 468 vento

122 499 258 573 surgunt,
289 495 372 554 etin
399 496 549 571 procellis,
583 516 659 573 quae
687 496 723 554 de
750 495 866 555 lenibus
892 494 1065 556 turbinibus
1092 515 1135 556 aa·

123 586 264 660 cendunt,
296 585 432 644 navicula
456 585 591 661 quamvis
614 605 667 661 per
688 584 821 644 laborem
843 585 988 644 contineri
1011 585 1136 661 poterit3

96 678 155 738 set
181 675 224 733 sic
251 676 296 733 est
321 676 429 732 natura
455 674 589 733 mulieris
617 675 648 732 in
676 674 883 747 delectatione,
915 675 987 750 quia
1020 675 1136 736 facilius

124 763 268 839 compesci
290 765 387 839 potest
410 782 500 839 quam
522 768 630 823 natura
654 763 856 823 delectationis
879 764 947 824 viri.
990 761 1068 822 Nam
1090 764 1135 822 de

123 853 243 912 lectatio
259 853 291 911 in
305 853 370 912 viro
386 852 450 928 igni
472 853 670 927 assimulatur,
695 853 748 928 qui
770 852 917 911 interdum
939 853 1134 930 extinguitur,

123 943 274 1001 interdum
297 940 473 1011 accenditur,
498 941 570 1017 quia
584 942 670 1018 ignis,
694 941 747 1018 qui
763 941 878 1000 assidue
894 942 1019 1018 arderet,
1043 942 1136 1001 multa

124 1035 322 1103 consumeret3
349 1031 393 1088 ita
418 1031 507 1089 etiam
535 1031 691 1090 delectatio
714 1031 866 1090 interdum
888 1031 920 1089 in
942 1031 1007 1090 viro
1032 1031 1134 1109 surgit,

83 1138 111 1184 10
123 1121 275 1180 interdum
302 1120 394 1195 cadit,
428 1120 580 1195 quonism,
610 1121 636 1179 si
663 1139 778 1195 semper
805 1120 836 1178 in
858 1138 893 1179 eo
916 1120 1060 1196 ferveret,
1091 1121 1135 1180 vir

124 1230 188 1269 eam
209 1210 331 1269 sufferre
353 1226 412 1266 non
434 1211 542 1284 posset.

189 1300 237 1358 Dc
258 1298 398 1357 uirilibus
420 1302 447 1356 ct
469 1299 611 1362 colericc's.
645 1297 772 1368 Quidam
795 1300 896 1356 autem
919 1298 1046 1357 masculi
1061 1301 1135 1373 sunt,

124 1388 177 1464 qui
208 1388 311 1447 viriles
342 1387 499 1462 exsistunt,
534 1390 564 1446 et
588 1387 620 1444 hi
648 1388 802 1446 cerebrum
835 1386 912 1445 icrte
947 1389 977 1445 et
1011 1389 1135 1464 spissum

122 1476 241 1536 habent.
288 1475 380 1535 (laius
407 1476 565 1535 exteriores
592 1478 729 1552 venulae,
762 1495 839 1553 quaa
869 1476 1043 1551 pelliculam
1076 1477 1135 1536 eius

84 1583 111 1627 15
124 1567 282 1640 continent,
306 1565 494 1641 aliquantum
516 1566 624 1624 rubeae
647 1569 725 1627 sunt.
759 1566 798 1623 Et
821 1565 902 1623 color
924 1565 1012 1624 faciei
1036 1584 1136 1625 eorum

124 1655 311 1731 aliquantum
344 1653 528 1718 rubicundus
561 1655 645 1714 velut
678 1655 710 1713 in
746 1653 922 1731 quibusdam
955 1654 1136 1732 imaginibus

123 1743 251 1818 videtur,
284 1744 337 1819 qui
359 1744 452 1802 rubeo
475 1743 572 1802 colore
595 1745 776 1814 colorantur,
804 1747 834 1801 et
857 1744 965 1818 spissas
989 1763 1021 1802 ac
1046 1744 1136 1804 fortes

124 1851 215 1891 venas
248 1831 370 1907 habent,
415 1851 490 1908 quae
528 1833 679 1891 ardentem
714 1833 887 1910 sanguinem
921 1833 998 1891 cerei
1033 1832 1137 1892 coloris

124 1923 251 1996 portant,
283 1924 313 1980 et
342 1921 428 1996 spissi
455 1922 533 1980 circa
560 1926 663 1996 pectus
691 1924 762 1980 sunt
790 1924 880 1997 etque
907 1922 998 1980 fortia
1021 1921 1137 1982 brachia

84 2014 238 2082 actenent3
261 2010 311 2069 sed
334 2009 419 2069 valde
442 2011 567 2087 pingues
590 2029 648 2070 non
671 2014 750 2082 sunt,
776 2011 917 2087 quoniam
939 2011 1032 2070 fortes
1048 2029 1136 2071 venae

125 2103 156 2158 et
178 2099 266 2158 fortis
289 2100 408 2176 sanguis
432 2118 465 2158 ac
487 2100 578 2158 fortia
600 2101 732 2159 membra
755 2118 855 2159 carnes
878 2118 981 2159 eorum
996 2101 1028 2158 in
1043 2102 1137 2159 multa

123 2189 304 2266 pinguedine
325 2189 482 2248 incrassari
503 2209 562 2248 non
584 2190 773 2265 permittunt.

191 2280 237 2338 Dc
262 2278 393 2339 renibus.
439 2278 554 2337 Ventus
587 2298 718 2355 quoque,
750 2278 803 2354 qui
833 2277 864 2335 in
894 2276 1004 2335 lumbis
1037 2296 1138 2337 eorum

124 2370 176 2439 est,
199 2367 295 2443 magis
316 2368 422 2444 igneus
445 2387 536 2443 quam
558 2370 696 2428 ventosus
719 2369 779 2439 est;
804 2367 858 2442 qui
872 2366 931 2424 duo
947 2366 1137 2426 tabernacula

83 2472 111 2517 25
125 2457 181 2515 sibi
208 2457 327 2516 subdita
354 2456 455 2528 habet,
486 2457 519 2514 in
548 2477 623 2533 quae
650 2458 703 2515 flat
729 2459 766 2513 ut
792 2455 824 2514 in
851 2455 962 2515 follem.
1007 2454 1048 2514 Et
1070 2457 1138 2514 hacc

123 2547 315 2606 tabernacula
342 2547 467 2621 stirpem
495 2547 628 2604 omnium
654 2546 767 2605 virium
797 2544 925 2604 hominis
956 2544 1138 2604 circumdant

125 2640 154 2694 et
177 2635 205 2695 ei
227 2636 258 2693 in
281 2635 466 2693 adiutorium
490 2639 572 2710 sunt,
599 2637 636 2693 ut
664 2635 764 2710 aliqua
786 2653 878 2710 parva
901 2633 1034 2692 aedificia
1057 2634 1138 2692 iuxta

124 2726 234 2783 turrim
257 2725 368 2799 posita,
398 2743 474 2800 quse
496 2725 580 2783 illam
603 2723 773 2782 defendunt.
818 2724 864 2782 Ac
885 2723 952 2781 ideo
976 2722 1037 2782 duo
1062 2725 1137 2793 sunt,

125 2816 161 2870 ut
183 2816 268 2871 tanto
291 2812 401 2871 fortius
424 2813 608 2888 praedictam
631 2814 753 2889 stirpem
768 2812 952 2871 circumdent
966 2814 997 2870 et
1012 2812 1139 2871 solident

85 2912 111 2956 sc
128 2920 161 2960 ac
182 2903 310 2976 teneant,
334 2905 364 2960 et
385 2904 421 2960 ut
444 2905 527 2961 tanto
548 2903 657 2961 fortius
673 2906 703 2961 et
718 2902 817 2977 aptius
832 2902 1000 2976 praefatum
1016 2905 1138 2960 ventum

129 2990 275 3065 excipiant
297 2995 328 3049 et
351 2991 388 3048 ad
412 3009 442 3049 se
464 2991 592 3062 trahent,
617 2995 647 3049 et
668 2994 704 3049 ut
730 2991 895 3067 aequaliter
911 3009 979 3048 eum
995 2990 1138 3060 emittant

127 3080 212 3138 velut
228 3079 287 3138 duc
303 3080 398 3154 folles,
423 3080 475 3155 qui
491 3081 655 3156 aequaliter
670 3081 787 3138 flantia
803 3080 910 3156 ignem.
948 3077 1033 3138 Unde
1050 3080 1137 3139 etiam

127 3187 196 3226 cum
220 3168 341 3227 eandem
363 3169 487 3244 stirpem
509 3170 541 3228 in
563 3171 677 3229 virtute
699 3187 753 3228 sua
776 3169 903 3244 erigunt,
932 3187 997 3226 eam
1020 3168 1140 3228 fortiter

126 3261 236 3329 tenent,
260 3259 355 3316 etita
378 3259 479 3317 eadem
502 3259 592 3334 stirps
615 3259 734 3318 frondet
755 3259 786 3316 in
809 3257 930 3333 prolem.

84 3356 113 3402 35
194 3348 272 3408 Item
303 3348 339 3407 dc
368 3349 453 3407 Adue
485 3349 583 3410 exilio.
630 3347 705 3407 Oum
737 3348 815 3406 enim
846 3347 944 3405 Adam
975 3365 1079 3407 caecus
1110 3350 1139 3404 et

130 3437 238 3496 surdus
260 3437 291 3494 in
314 3437 546 3514 transgressione
569 3438 665 3496 factus
689 3439 746 3512 est,
776 3435 848 3495 haec
877 3436 923 3495 vis
954 3436 985 3495 in
1018 3437 1138 3495 exilium

128 3531 158 3585 et
180 3526 213 3584 in
236 3527 360 3585 alienam
382 3546 446 3585 rem
467 3526 499 3584 in
522 3544 556 3584 ec
581 3526 650 3602 ivit,
682 3529 713 3584 et
739 3526 771 3583 in
797 3525 948 3601 praedicta
970 3526 1036 3585 loca
1058 3524 1137 3603 geni·
