2460 3862
127 147 190 209 100
516 140 763 198 Hunncnsols

125 326 186 386 cicr
220 328 265 384 eet
295 328 418 401 propter
444 330 549 402 partus
581 344 683 385 esrum
715 343 806 402 quam
835 325 867 384 in
897 325 982 398 viris,
1015 330 1046 387 et
1075 326 1144 388 ideo

126 414 244 491 saepius
268 415 298 473 et
321 414 410 474 eitius
436 415 467 472 in
494 415 567 475 viris
600 434 690 493 quam
717 415 749 474 in
778 415 954 476 mulieribus
987 416 1146 482 scinditur.

190 502 237 562 Dc
266 503 389 563 renibus
422 507 448 564 et
478 520 571 578 quare
606 505 664 564 duo
694 504 766 563 nat.
819 503 913 564 Renes
944 523 1015 566 vero
1046 505 1144 565 firma

125 593 258 651 mentum
282 594 312 651 et
334 593 551 652 retentaculum
575 593 681 653 caloris
704 592 836 669 corporis
862 592 990 654 hominis
1018 597 1145 656 suntet

98 682 223 741 afemur
254 680 382 741 hominis
410 682 574 754 continent,
605 682 857 758 quemadmodum
886 683 994 742 armati
1023 684 1144 760 milites,

125 771 178 847 qui
210 770 364 830 dominnm
394 789 483 830 suum
514 770 686 831 defendunt.
739 771 779 830 Et
805 770 872 831 ideo
905 771 964 832 duo
991 775 1077 846 sunt,
1110 776 1145 833 ut

123 862 208 920 tanto
231 860 340 920 fortius
362 862 393 919 et
415 860 635 920 convenientius
658 860 758 937 ignem
785 860 817 918 in
844 879 875 919 ee
902 861 1059 924 retineant.
1106 861 1145 921 nt

124 948 180 1009 hoc
206 952 269 1008 tam
295 949 327 1008 iu
354 949 463 1007 femina
491 968 582 1026 quam
608 950 640 1008 in
671 949 736 1009 viro
765 949 890 1022 faciunt,
922 951 1004 1027 quod
1033 951 1143 1011 lumbis

125 1039 259 1098 virorum
282 1041 384 1098 assunt
399 1038 517 1115 etquis
532 1039 621 1098 etiem
636 1038 755 1098 matrici
771 1038 950 1098 feminarum
964 1039 1143 1118 iunguntur.

85 1136 112 1182 10
125 1126 182 1187 Sed
205 1130 235 1186 et
257 1128 289 1186 in
316 1126 528 1204 pinguedinem
555 1127 685 1188 involuti
711 1130 793 1199 sunt,
824 1147 862 1187 ne
887 1128 951 1188 ulls
976 1128 1143 1207 frigiditate

126 1219 178 1275 aut
201 1216 408 1275 contrarietate
432 1214 599 1292 laedantur,
632 1216 705 1294 quin
727 1216 806 1276 vires
832 1234 900 1278 suaa
926 1217 1063 1279 habeant
1109 1217 1143 1278 ln

124 1306 205 1382 ipsos
238 1309 338 1364 autem
369 1323 451 1365 renes
479 1306 658 1365 fortisnmae
685 1325 777 1366 venae
807 1307 921 1382 poeitae
950 1311 1037 1383 sunt,
1069 1325 1143 1384 qnae

125 1413 174 1454 eos
197 1394 318 1454 fortiter
339 1397 448 1466 tenent,
476 1397 506 1453 et
533 1414 586 1470 per
613 1413 688 1471 quae
720 1395 810 1453 etiam
837 1398 937 1455 tetum
959 1415 1068 1473 eorpus
1091 1396 1140 1456 ho·

124 1484 239 1542 minum
261 1486 453 1542 sustentatur.
499 1482 556 1542 Sed
579 1502 647 1543 eum
669 1484 758 1543 homo
781 1484 812 1542 in
835 1484 877 1544 eis
906 1484 997 1561 dolet,
1029 1484 1088 1546 hoc
1109 1504 1143 1544 ex

86 1586 112 1630 15
124 1547 307 1632 infirmitati
319 1571 462 1633 sumam
484 1573 526 1633 nt.

190 1662 236 1722 De
257 1663 357 1722 iliaca.
395 1660 471 1720 Nam
493 1661 529 1721 de
552 1662 654 1722 delere
677 1661 821 1722 stomachi
844 1661 931 1722 dolor
952 1662 1056 1723 lateris
1080 1682 1141 1723 nas·

124 1751 211 1825 citur,
244 1753 274 1809 et
305 1750 340 1809 de
372 1749 473 1810 dolore
504 1751 607 1810 lateris
638 1752 771 1811 nascitur
801 1751 887 1811 dolor
917 1751 1014 1812 ilium.
1070 1750 1143 1813 cum

126 1839 205 1898 enim
227 1839 395 1899 stomachus
427 1839 463 1899 de
490 1841 587 1899 noxiis
616 1844 646 1899 et
671 1841 758 1900 malis
785 1839 858 1900 eibia
886 1840 1070 1912 infirmetur,
1102 1842 1143 1900 ita

125 1928 205 2005 quod
228 1928 320 1988 fortes
343 1932 374 1987 et
395 1928 466 1987 mali
489 1930 546 1988 cibi
569 1929 600 1988 in
623 1948 657 1988 eo
680 1929 776 2006 digeri
802 1948 862 1988 non
889 1933 1029 2006 possunt,
1058 1930 1145 1990 dolor

86 2032 115 2077 so
128 2020 164 2076 ut
187 2017 308 2094 quidam
332 2018 434 2077 finnus
462 2021 492 2076 et
517 2021 554 2078 ut
584 2018 729 2095 quaedam
756 2018 865 2078 nebula
891 2038 926 2078 ex
952 2037 986 2078 eo
1010 2019 1042 2078 in
1064 2019 1143 2078 letus

123 2107 290 2182 egreditur,
321 2107 406 2166 velut
433 2107 553 2166 acerbus
581 2109 684 2167 fumus
711 2107 748 2166 de
774 2108 871 2168 viride
898 2108 981 2185 ligno
1005 2108 1144 2180 ascendit,

123 2199 154 2256 et
176 2196 277 2255 fumus
299 2196 350 2255 ille
373 2195 515 2255 stomachi
539 2196 576 2255 ad
599 2196 652 2255 ilia
676 2197 846 2256 extenditur
867 2200 904 2257 ut
931 2197 1019 2274 nigra
1041 2197 1143 2273 subm,

124 2288 155 2346 et
176 2286 229 2344 ilia
252 2285 368 2344 fumum
390 2285 482 2345 istum
508 2286 688 2362 suscipiunt,
721 2287 765 2345 ita
792 2287 875 2362 quod
902 2285 1004 2346 fumus
1027 2286 1085 2346 iste
1108 2286 1143 2346 de

125 2375 244 2435 assidua
266 2374 477 2434 consuetudine
500 2374 537 2432 ad
560 2375 614 2433 ilia
636 2393 751 2451 semper
765 2375 869 2447 tendit,
893 2373 1143 2452 quemadmodum

84 2478 112 2524 25
126 2464 227 2525 fumus
258 2465 408 2543 lignorum
442 2463 479 2522 ad
501 2464 664 2524 fumarium
686 2468 835 2541 properat.
879 2463 919 2523 nt
940 2464 985 2522 ita
1008 2484 1144 2542 quaeque

122 2554 278 2613 infirmitas
309 2557 339 2613 et
370 2554 455 2612 dolor
487 2553 632 2613 stomachi
664 2554 701 2612 ad
733 2557 906 2613 consuetum
932 2553 1034 2613 locum
1055 2553 1144 2613 illum

122 2643 246 2702 iliorum
268 2647 393 2719 propter
420 2642 529 2701 malam
558 2646 588 2702 et
620 2642 769 2702 assiduam
797 2642 1041 2703 consuetudinem
1063 2643 1140 2704 mul·

122 2733 232 2791 totiens
255 2731 334 2791 cadit
357 2734 387 2790 et
408 2730 451 2789 ibi
472 2731 622 2791 hominem
645 2731 744 2791 dolere
767 2733 848 2795 facit.

191 2822 238 2879 De
260 2821 407 2882 virilibus.
444 2819 562 2880 Virtuti
586 2824 695 2893 autem,
719 2839 795 2897 quae
818 2821 849 2879 in
872 2821 984 2881 lumbis
1007 2822 1143 2882 virorum

83 2919 111 2964 eo
126 2912 185 2977 est,
216 2909 327 2968 scilieet
358 2911 459 2977 vento.
495 2911 547 2987 qui
578 2929 613 2969 ex
639 2909 772 2969 medulla
799 2910 946 2986 procedit,
982 2909 1059 2971 duae
1088 2910 1145 2970 sibi

125 2998 297 3058 coniunctae
312 2998 390 3057 vires
405 2998 489 3058 velut
510 2999 570 3058 duo
590 2997 782 3058 tabernacula
801 3002 902 3073 meunt
924 2999 1069 3075 ardorem,
1093 3000 1145 3076 qui

124 3088 156 3146 in
179 3087 245 3146 viro
269 3090 322 3162 eet,
346 3090 527 3160 attestantes
560 3107 636 3164 quae
658 3088 748 3148 etiam
770 3089 871 3165 ignem
895 3088 997 3165 stirpis
1023 3089 1145 3149 fortiter

125 3177 156 3236 in
179 3196 210 3236 se
232 3180 342 3236 tenent.
387 3176 426 3235 nt
450 3177 578 3252 quadam
601 3177 738 3236 cutecula
764 3177 894 3238 involuti
920 3181 1002 3252 sunt,
1035 3197 1072 3237 ne
1101 3179 1145 3239 vis

125 3286 228 3326 aarum
261 3265 390 3337 deficiat,
422 3285 498 3342 quae
525 3267 567 3326 eis
599 3267 630 3325 in
661 3266 843 3327 adiutorium
872 3269 930 3341 est,
959 3269 996 3327 nt
1020 3267 1145 3344 stirpem

83 3356 239 3416 scelerare
265 3355 387 3432 possint.
426 3355 484 3414 Sed
506 3355 531 3415 si
555 3355 622 3431 quis
646 3357 795 3416 masculus
817 3355 864 3416 his
890 3355 1006 3416 duabus
1029 3356 1146 3417 viribus

125 3447 206 3505 forte
229 3444 405 3503 naturaliter
427 3463 481 3520 per
508 3443 657 3504 defectum
684 3448 737 3503 aut
765 3465 818 3521 per
841 3445 1034 3506 abscisionem
1056 3451 1145 3522 earet,

125 3535 240 3594 uirilem
265 3533 448 3594 viriditatem
471 3551 531 3593 non
557 3533 647 3594 habet
674 3553 728 3594 neo
754 3535 841 3594 iilum
867 3534 985 3595 virilem
1011 3539 1146 3612 ventum,
