<?xml version="1.0" encoding="UTF-8"?>
<!DOCTYPE html PUBLIC "-//W3C//DTD XHTML 1.0 Transitional//EN"
    "http://www.w3.org/TR/xhtml1/DTD/xhtml1-transitional.dtd">
<html xmlns="http://www.w3.org/1999/xhtml" xml:lang="en" lang="en">
 <head>
  <title>
</title>
<meta http-equiv="Content-Type" content="text/html;charset=utf-8" />
  <meta name='ocr-system' content='tesseract 3.04.00' />
  <meta name='ocr-capabilities' content='ocr_page ocr_carea ocr_par ocr_line ocrx_word'/>
</head>
<body>
  <div class='ocr_page' id='page_1' title='image "./hildegardiscaus01hildgoog_0026.png"; bbox 0 0 2460 3862; ppageno 0'>
   <div class='ocr_carea' id='block_1_1' title="bbox 342 108 1091 179">
    <p class='ocr_par' dir='ltr' id='par_1_1' title="bbox 342 108 1091 179">
     <span class='ocr_line' id='line_1_1' title="bbox 342 108 1091 179; baseline 0.016 -12"><span class='ocrx_word' id='word_1_1' title='bbox 342 111 549 168; x_wconf 73' lang='lat' dir='ltr'>causarer</span> <span class='ocrx_word' id='word_1_2' title='bbox 569 112 692 170; x_wconf 73' lang='lat' dir='ltr'>suern</span> <span class='ocrx_word' id='word_1_3' title='bbox 711 113 779 168; x_wconf 79' lang='lat' dir='ltr'>nra.</span> <span class='ocrx_word' id='word_1_4' title='bbox 798 114 820 169; x_wconf 91' lang='lat'>1.</span> <span class='ocrx_word' id='word_1_5' title='bbox 1017 108 1020 114; x_wconf 75' lang='grc'><strong><em>’</em></strong></span> <span class='ocrx_word' id='word_1_6' title='bbox 1051 119 1091 179; x_wconf 82' lang='lat'>15</span> 
     </span>
    </p>
   </div>
   <div class='ocr_carea' id='block_1_2' title="bbox 69 298 1196 3230">
    <p class='ocr_par' dir='ltr' id='par_1_2' title="bbox 72 298 1196 733">
     <span class='ocr_line' id='line_1_2' title="bbox 74 298 1092 377; baseline -0.002 -17"><span class='ocrx_word' id='word_1_7' title='bbox 74 299 154 369; x_wconf 87' lang='lat' dir='ltr'>solis,</span> <span class='ocrx_word' id='word_1_8' title='bbox 178 299 231 375; x_wconf 93' lang='lat' dir='ltr'>qui</span> <span class='ocrx_word' id='word_1_9' title='bbox 248 298 331 358; x_wconf 88' lang='lat' dir='ltr'>diem</span> <span class='ocrx_word' id='word_1_10' title='bbox 354 299 448 371; x_wconf 83' lang='lat' dir='ltr'>affert,</span> <span class='ocrx_word' id='word_1_11' title='bbox 472 300 662 377; x_wconf 82' lang='lat' dir='ltr'>obteguntur,</span> <span class='ocrx_word' id='word_1_12' title='bbox 686 299 729 359; x_wconf 88' lang='lat' dir='ltr'>ita</span> <span class='ocrx_word' id='word_1_13' title='bbox 751 302 787 358; x_wconf 90' lang='lat' dir='ltr'>ut</span> <span class='ocrx_word' id='word_1_14' title='bbox 809 300 841 358; x_wconf 92' lang='lat' dir='ltr'>in</span> <span class='ocrx_word' id='word_1_15' title='bbox 861 299 908 358; x_wconf 90' lang='lat' dir='ltr'>die</span> <span class='ocrx_word' id='word_1_16' title='bbox 923 298 1018 359; x_wconf 87' lang='lat' dir='ltr'>videri</span> <span class='ocrx_word' id='word_1_17' title='bbox 1034 317 1092 358; x_wconf 90' lang='lat' dir='ltr'>non</span> 
     </span>
     <span class='ocr_line' id='line_1_3' title="bbox 73 388 1091 465; baseline 0 -18"><span class='ocrx_word' id='word_1_18' title='bbox 73 391 214 465; x_wconf 75' lang='lat' dir='ltr'><strong>possunt,</strong></span> <span class='ocrx_word' id='word_1_19' title='bbox 246 389 326 464; x_wconf 91' lang='lat' dir='ltr'>quod</span> <span class='ocrx_word' id='word_1_20' title='bbox 354 388 494 464; x_wconf 87' lang='lat' dir='ltr'>splendor</span> <span class='ocrx_word' id='word_1_21' title='bbox 520 390 583 448; x_wconf 89' lang='lat' dir='ltr'>eius</span> <span class='ocrx_word' id='word_1_22' title='bbox 612 390 707 448; x_wconf 85' lang='lat' dir='ltr'>maior</span> <span class='ocrx_word' id='word_1_23' title='bbox 734 393 778 449; x_wconf 91' lang='lat' dir='ltr'>est</span> <span class='ocrx_word' id='word_1_24' title='bbox 800 388 955 465; x_wconf 82' lang='lat' dir='ltr'>splendore</span> <span class='ocrx_word' id='word_1_25' title='bbox 979 407 1091 463; x_wconf 87' lang='lat' dir='ltr'>eorum,</span> 
     </span>
     <span class='ocr_line' id='line_1_4' title="bbox 73 477 1093 555; baseline 0 -19"><span class='ocrx_word' id='word_1_26' title='bbox 73 477 335 554; x_wconf 87' lang='lat' dir='ltr'>quemadmodum,</span> <span class='ocrx_word' id='word_1_27' title='bbox 351 496 419 537; x_wconf 86' lang='lat' dir='ltr'>anm</span> <span class='ocrx_word' id='word_1_28' title='bbox 434 478 581 555; x_wconf 80' lang='lat' dir='ltr'>principes</span> <span class='ocrx_word' id='word_1_29' title='bbox 596 480 796 554; x_wconf 86' lang='lat' dir='ltr'>nominantur,</span> <span class='ocrx_word' id='word_1_30' title='bbox 812 477 946 555; x_wconf 89' lang='lat' dir='ltr'>plebeius</span> <span class='ocrx_word' id='word_1_31' title='bbox 961 478 1093 555; x_wconf 88' lang='lat' dir='ltr'>populus</span> 
     </span>
     <span class='ocr_line' id='line_1_5' title="bbox 73 567 1093 644; baseline -0.001 -17"><span class='ocrx_word' id='word_1_32' title='bbox 73 567 250 642; x_wconf 81' lang='lat' dir='ltr'>oontioiseit,</span> <span class='ocrx_word' id='word_1_33' title='bbox 283 570 314 627; x_wconf 90' lang='lat' dir='ltr'>et</span> <span class='ocrx_word' id='word_1_34' title='bbox 342 586 410 627; x_wconf 85' lang='lat' dir='ltr'>eum</span> <span class='ocrx_word' id='word_1_35' title='bbox 437 567 587 643; x_wconf 81' lang='lat' dir='ltr'>principes</span> <span class='ocrx_word' id='word_1_36' title='bbox 614 568 767 640; x_wconf 81' lang='lat' dir='ltr'>recedunt,</span> <span class='ocrx_word' id='word_1_37' title='bbox 800 569 935 644; x_wconf 89' lang='lat' dir='ltr'>plebeius</span> <span class='ocrx_word' id='word_1_38' title='bbox 961 567 1093 643; x_wconf 87' lang='lat' dir='ltr'>populus</span> 
     </span>
     <span class='ocr_line' id='line_1_6' title="bbox 72 655 1196 733; baseline -0.001 -18"><span class='ocrx_word' id='word_1_39' title='bbox 72 655 237 732; x_wconf 78' lang='lat' dir='ltr'>praeeedit3</span> <span class='ocrx_word' id='word_1_40' title='bbox 260 656 394 732; x_wconf 85' lang='lat' dir='ltr'>alioquin</span> <span class='ocrx_word' id='word_1_41' title='bbox 416 657 533 716; x_wconf 91' lang='lat' dir='ltr'>tamin</span> <span class='ocrx_word' id='word_1_42' title='bbox 556 657 603 716; x_wconf 92' lang='lat' dir='ltr'>die</span> <span class='ocrx_word' id='word_1_43' title='bbox 626 677 715 733; x_wconf 90' lang='lat' dir='ltr'>quam</span> <span class='ocrx_word' id='word_1_44' title='bbox 738 657 769 715; x_wconf 91' lang='lat' dir='ltr'>in</span> <span class='ocrx_word' id='word_1_45' title='bbox 789 660 875 717; x_wconf 89' lang='lat' dir='ltr'>noote</span> <span class='ocrx_word' id='word_1_46' title='bbox 896 660 1119 719; x_wconf 60' lang='lat' dir='ltr'>remorsurum</span> <span class='ocrx_word' id='word_1_47' title='bbox 1194 697 1196 701; x_wconf 71' lang='lat'>‚</span> 
     </span>
    </p>

    <p class='ocr_par' dir='ltr' id='par_1_3' title="bbox 71 745 1132 1894">
     <span class='ocr_line' id='line_1_7' title="bbox 141 745 1093 821; baseline 0 -17"><span class='ocrx_word' id='word_1_48' title='bbox 141 746 186 805; x_wconf 83' lang='lat' dir='ltr'>De</span> <span class='ocrx_word' id='word_1_49' title='bbox 216 745 371 804; x_wconf 80' lang='lat' dir='ltr'>stellarum</span> <span class='ocrx_word' id='word_1_50' title='bbox 405 746 683 821; x_wconf 65' lang='lat' dir='ltr'>munificationibus.</span> <span class='ocrx_word' id='word_1_51' title='bbox 740 745 849 805; x_wconf 77' lang='lat' dir='ltr'>Stellae</span> <span class='ocrx_word' id='word_1_52' title='bbox 884 747 963 805; x_wconf 91' lang='lat' dir='ltr'>enim</span> <span class='ocrx_word' id='word_1_53' title='bbox 997 748 1093 805; x_wconf 88' lang='lat' dir='ltr'>multa</span> 
     </span>
     <span class='ocr_line' id='line_1_8' title="bbox 74 834 1092 912; baseline 0 -18"><span class='ocrx_word' id='word_1_54' title='bbox 74 836 160 912; x_wconf 80' lang='lat' dir='ltr'>signa</span> <span class='ocrx_word' id='word_1_55' title='bbox 190 834 340 893; x_wconf 90' lang='lat' dir='ltr'>interdurn</span> <span class='ocrx_word' id='word_1_56' title='bbox 369 835 400 893; x_wconf 91' lang='lat' dir='ltr'>in</span> <span class='ocrx_word' id='word_1_57' title='bbox 428 854 459 894; x_wconf 89' lang='lat' dir='ltr'>se</span> <span class='ocrx_word' id='word_1_58' title='bbox 488 835 647 896; x_wconf 90' lang='lat' dir='ltr'>ostendunt</span> <span class='ocrx_word' id='word_1_59' title='bbox 670 835 832 895; x_wconf 84' lang='lat' dir='ltr'>seeundum</span> <span class='ocrx_word' id='word_1_60' title='bbox 855 834 936 912; x_wconf 91' lang='lat' dir='ltr'>quod</span> <span class='ocrx_word' id='word_1_61' title='bbox 958 835 1092 894; x_wconf 89' lang='lat' dir='ltr'>homines</span> 
     </span>
     <span class='ocr_line' id='line_1_9' title="bbox 73 922 1092 1000; baseline 0 -18"><span class='ocrx_word' id='word_1_62' title='bbox 73 924 106 982; x_wconf 89' lang='lat' dir='ltr'>in</span> <span class='ocrx_word' id='word_1_63' title='bbox 138 922 278 1000; x_wconf 88' lang='lat' dir='ltr'>operibus</span> <span class='ocrx_word' id='word_1_64' title='bbox 311 924 371 983; x_wconf 82' lang='lat' dir='ltr'>suis</span> <span class='ocrx_word' id='word_1_65' title='bbox 406 943 437 983; x_wconf 90' lang='lat' dir='ltr'>se</span> <span class='ocrx_word' id='word_1_66' title='bbox 467 928 539 984; x_wconf 87' lang='lat' dir='ltr'>tuno</span> <span class='ocrx_word' id='word_1_67' title='bbox 570 925 688 986; x_wconf 87' lang='lat' dir='ltr'>habent.</span> <span class='ocrx_word' id='word_1_68' title='bbox 739 924 797 984; x_wconf 82' lang='lat' dir='ltr'>Sed</span> <span class='ocrx_word' id='word_1_69' title='bbox 827 943 880 983; x_wconf 88' lang='lat' dir='ltr'>neo</span> <span class='ocrx_word' id='word_1_70' title='bbox 907 925 1011 983; x_wconf 88' lang='lat' dir='ltr'>futura</span> <span class='ocrx_word' id='word_1_71' title='bbox 1038 943 1092 983; x_wconf 89' lang='lat' dir='ltr'>neo</span> 
     </span>
     <span class='ocr_line' id='line_1_10' title="bbox 73 1011 1090 1090; baseline -0.001 -18"><span class='ocrx_word' id='word_1_72' title='bbox 73 1011 269 1090; x_wconf 72' lang='lat' dir='ltr'>¹rogitationes</span> <span class='ocrx_word' id='word_1_73' title='bbox 284 1012 438 1072; x_wconf 90' lang='lat' dir='ltr'>hominnm</span> <span class='ocrx_word' id='word_1_74' title='bbox 453 1013 621 1087; x_wconf 88' lang='lat' dir='ltr'>ostendunt,</span> <span class='ocrx_word' id='word_1_75' title='bbox 645 1014 697 1074; x_wconf 88' lang='lat' dir='ltr'>sed</span> <span class='ocrx_word' id='word_1_76' title='bbox 713 1033 747 1073; x_wconf 85' lang='lat' dir='ltr'>ea</span> <span class='ocrx_word' id='word_1_77' title='bbox 761 1017 888 1089; x_wconf 78' lang='lat' dir='ltr'>tantum,</span> <span class='ocrx_word' id='word_1_78' title='bbox 911 1032 986 1089; x_wconf 86' lang='lat' dir='ltr'>qnae</span> <span class='ocrx_word' id='word_1_79' title='bbox 1001 1013 1090 1072; x_wconf 93' lang='lat' dir='ltr'>homo</span> 
     </span>
     <span class='ocr_line' id='line_1_11' title="bbox 72 1103 1132 1178; baseline 0 -17"><span class='ocrx_word' id='word_1_80' title='bbox 72 1104 134 1161; x_wconf 89' lang='lat' dir='ltr'>iam</span> <span class='ocrx_word' id='word_1_81' title='bbox 157 1105 211 1161; x_wconf 88' lang='lat' dir='ltr'>aut</span> <span class='ocrx_word' id='word_1_82' title='bbox 234 1104 350 1161; x_wconf 85' lang='lat' dir='ltr'>ostensa</span> <span class='ocrx_word' id='word_1_83' title='bbox 371 1103 524 1163; x_wconf 85' lang='lat' dir='ltr'>voluntate</span> <span class='ocrx_word' id='word_1_84' title='bbox 547 1104 654 1163; x_wconf 87' lang='lat' dir='ltr'>autin</span> <span class='ocrx_word' id='word_1_85' title='bbox 677 1121 748 1163; x_wconf 84' lang='lat' dir='ltr'>voee</span> <span class='ocrx_word' id='word_1_86' title='bbox 772 1107 825 1162; x_wconf 88' lang='lat' dir='ltr'>ant</span> <span class='ocrx_word' id='word_1_87' title='bbox 847 1104 878 1161; x_wconf 90' lang='lat' dir='ltr'>in</span> <span class='ocrx_word' id='word_1_88' title='bbox 900 1121 987 1178; x_wconf 91' lang='lat' dir='ltr'>opere</span> <span class='ocrx_word' id='word_1_89' title='bbox 1010 1103 1090 1174; x_wconf 77' lang='lat' dir='ltr'>facit</span> <span class='ocrx_word' id='word_1_90' title='bbox 1105 1106 1132 1150; x_wconf 91' lang='lat'>10</span> 
     </span>
     <span class='ocr_line' id='line_1_12' title="bbox 74 1190 1091 1268; baseline -0.001 -18"><span class='ocrx_word' id='word_1_91' title='bbox 74 1191 216 1268; x_wconf 90' lang='lat' dir='ltr'>quoniam</span> <span class='ocrx_word' id='word_1_92' title='bbox 247 1210 297 1250; x_wconf 87' lang='lat' dir='ltr'>aer</span> <span class='ocrx_word' id='word_1_93' title='bbox 329 1192 382 1250; x_wconf 91' lang='lat' dir='ltr'>illa</span> <span class='ocrx_word' id='word_1_94' title='bbox 412 1193 529 1268; x_wconf 85' lang='lat' dir='ltr'>exeipit.</span> <span class='ocrx_word' id='word_1_95' title='bbox 579 1194 619 1252; x_wconf 84' lang='lat' dir='ltr'>llt</span> <span class='ocrx_word' id='word_1_96' title='bbox 649 1192 743 1252; x_wconf 90' lang='lat' dir='ltr'>stellis</span> <span class='ocrx_word' id='word_1_97' title='bbox 774 1192 882 1252; x_wconf 90' lang='lat' dir='ltr'>tribuit</span> <span class='ocrx_word' id='word_1_98' title='bbox 911 1192 975 1264; x_wconf 88' lang='lat' dir='ltr'>ille,</span> <span class='ocrx_word' id='word_1_99' title='bbox 1010 1190 1091 1268; x_wconf 84' lang='lat' dir='ltr'>qnod</span> 
     </span>
     <span class='ocr_line' id='line_1_13' title="bbox 73 1280 1092 1358; baseline -0.001 -18"><span class='ocrx_word' id='word_1_100' title='bbox 73 1281 176 1340; x_wconf 71' lang='lat' dir='ltr'>statim</span> <span class='ocrx_word' id='word_1_101' title='bbox 207 1299 241 1339; x_wconf 89' lang='lat' dir='ltr'>eo</span> <span class='ocrx_word' id='word_1_102' title='bbox 269 1280 358 1340; x_wconf 92' lang='lat' dir='ltr'>modo</span> <span class='ocrx_word' id='word_1_103' title='bbox 386 1282 545 1342; x_wconf 88' lang='lat' dir='ltr'>ostendunt</span> <span class='ocrx_word' id='word_1_104' title='bbox 569 1302 658 1358; x_wconf 88' lang='lat' dir='ltr'>opera</span> <span class='ocrx_word' id='word_1_105' title='bbox 679 1282 815 1341; x_wconf 89' lang='lat' dir='ltr'>hominis.</span> <span class='ocrx_word' id='word_1_106' title='bbox 861 1281 968 1341; x_wconf 82' lang='lat' dir='ltr'>Stellas</span> <span class='ocrx_word' id='word_1_107' title='bbox 991 1283 1092 1340; x_wconf 88' lang='lat' dir='ltr'>antem</span> 
     </span>
     <span class='ocr_line' id='line_1_14' title="bbox 73 1369 1091 1444; baseline 0 -16"><span class='ocrx_word' id='word_1_108' title='bbox 73 1370 146 1430; x_wconf 88' lang='lat' dir='ltr'>deus</span> <span class='ocrx_word' id='word_1_109' title='bbox 169 1369 206 1428; x_wconf 85' lang='lat' dir='ltr'>ad</span> <span class='ocrx_word' id='word_1_110' title='bbox 229 1370 404 1430; x_wconf 87' lang='lat' dir='ltr'>servitutem</span> <span class='ocrx_word' id='word_1_111' title='bbox 427 1373 553 1431; x_wconf 91' lang='lat' dir='ltr'>hominis</span> <span class='ocrx_word' id='word_1_112' title='bbox 573 1373 660 1444; x_wconf 78' lang='lat' dir='ltr'>feeit,</span> <span class='ocrx_word' id='word_1_113' title='bbox 689 1375 725 1430; x_wconf 90' lang='lat' dir='ltr'>ut</span> <span class='ocrx_word' id='word_1_114' title='bbox 747 1372 774 1430; x_wconf 89' lang='lat' dir='ltr'>ei</span> <span class='ocrx_word' id='word_1_115' title='bbox 796 1373 931 1430; x_wconf 81' lang='lat' dir='ltr'>lucerent</span> <span class='ocrx_word' id='word_1_116' title='bbox 953 1373 984 1429; x_wconf 90' lang='lat' dir='ltr'>et</span> <span class='ocrx_word' id='word_1_117' title='bbox 1006 1370 1091 1428; x_wconf 92' lang='lat' dir='ltr'>mini·</span> 
     </span>
     <span class='ocr_line' id='line_1_15' title="bbox 74 1459 1091 1536; baseline 0 -18"><span class='ocrx_word' id='word_1_118' title='bbox 74 1460 212 1519; x_wconf 82' lang='lat' dir='ltr'>strarant.</span> <span class='ocrx_word' id='word_1_119' title='bbox 249 1459 289 1518; x_wconf 77' lang='lat' dir='ltr'>nt</span> <span class='ocrx_word' id='word_1_120' title='bbox 310 1460 378 1520; x_wconf 88' lang='lat' dir='ltr'>ideo</span> <span class='ocrx_word' id='word_1_121' title='bbox 402 1461 492 1520; x_wconf 84' lang='lat' dir='ltr'>etiam</span> <span class='ocrx_word' id='word_1_122' title='bbox 513 1480 604 1536; x_wconf 88' lang='lat' dir='ltr'>opera</span> <span class='ocrx_word' id='word_1_123' title='bbox 618 1462 682 1521; x_wconf 89' lang='lat' dir='ltr'>eius</span> <span class='ocrx_word' id='word_1_124' title='bbox 698 1460 866 1535; x_wconf 89' lang='lat' dir='ltr'>ostendunt,</span> <span class='ocrx_word' id='word_1_125' title='bbox 890 1461 974 1519; x_wconf 88' lang='lat' dir='ltr'>velut</span> <span class='ocrx_word' id='word_1_126' title='bbox 988 1477 1091 1519; x_wconf 83' lang='lat' dir='ltr'>servus</span> 
     </span>
     <span class='ocr_line' id='line_1_16' title="bbox 72 1547 1132 1625; baseline 0 -17"><span class='ocrx_word' id='word_1_127' title='bbox 72 1548 260 1608; x_wconf 85' lang='lat' dir='ltr'>voluntatem</span> <span class='ocrx_word' id='word_1_128' title='bbox 291 1550 321 1607; x_wconf 90' lang='lat' dir='ltr'>et</span> <span class='ocrx_word' id='word_1_129' title='bbox 351 1568 426 1625; x_wconf 89' lang='lat' dir='ltr'>opus</span> <span class='ocrx_word' id='word_1_130' title='bbox 457 1552 569 1610; x_wconf 91' lang='lat' dir='ltr'>domini</span> <span class='ocrx_word' id='word_1_131' title='bbox 598 1552 645 1610; x_wconf 91' lang='lat' dir='ltr'>sui</span> <span class='ocrx_word' id='word_1_132' title='bbox 676 1550 855 1610; x_wconf 85' lang='lat' dir='ltr'>manifestat.</span> <span class='ocrx_word' id='word_1_133' title='bbox 905 1547 980 1607; x_wconf 84' lang='lat' dir='ltr'>Nam</span> <span class='ocrx_word' id='word_1_134' title='bbox 1012 1548 1091 1608; x_wconf 87' lang='lat' dir='ltr'>siant</span> <span class='ocrx_word' id='word_1_135' title='bbox 1105 1553 1132 1597; x_wconf 86' lang='lat'>15</span> 
     </span>
     <span class='ocr_line' id='line_1_17' title="bbox 73 1637 1091 1716; baseline -0.001 -19"><span class='ocrx_word' id='word_1_136' title='bbox 73 1639 172 1697; x_wconf 85' lang='lat' dir='ltr'>anima</span> <span class='ocrx_word' id='word_1_137' title='bbox 192 1637 224 1695; x_wconf 94' lang='lat' dir='ltr'>in</span> <span class='ocrx_word' id='word_1_138' title='bbox 247 1655 371 1712; x_wconf 77' lang='lat' dir='ltr'>corpore</span> <span class='ocrx_word' id='word_1_139' title='bbox 394 1639 521 1700; x_wconf 88' lang='lat' dir='ltr'>hominis</span> <span class='ocrx_word' id='word_1_140' title='bbox 548 1641 679 1716; x_wconf 91' lang='lat' dir='ltr'>primum</span> <span class='ocrx_word' id='word_1_141' title='bbox 707 1640 788 1698; x_wconf 88' lang='lat' dir='ltr'>lueet</span> <span class='ocrx_word' id='word_1_142' title='bbox 814 1642 844 1698; x_wconf 89' lang='lat' dir='ltr'>et</span> <span class='ocrx_word' id='word_1_143' title='bbox 866 1640 938 1697; x_wconf 86' lang='lat' dir='ltr'>tune</span> <span class='ocrx_word' id='word_1_144' title='bbox 960 1638 992 1696; x_wconf 92' lang='lat' dir='ltr'>in</span> <span class='ocrx_word' id='word_1_145' title='bbox 1015 1655 1091 1714; x_wconf 89' lang='lat' dir='ltr'>opus</span> 
     </span>
     <span class='ocr_line' id='line_1_18' title="bbox 72 1727 1092 1804; baseline 0 -19"><span class='ocrx_word' id='word_1_146' title='bbox 72 1727 219 1803; x_wconf 77' lang='lat' dir='ltr'>procedit,</span> <span class='ocrx_word' id='word_1_147' title='bbox 241 1727 284 1786; x_wconf 91' lang='lat' dir='ltr'>ita</span> <span class='ocrx_word' id='word_1_148' title='bbox 307 1728 396 1786; x_wconf 90' lang='lat' dir='ltr'>etiam</span> <span class='ocrx_word' id='word_1_149' title='bbox 412 1732 443 1788; x_wconf 87' lang='lat' dir='ltr'>et</span> <span class='ocrx_word' id='word_1_150' title='bbox 457 1730 560 1788; x_wconf 87' lang='lat' dir='ltr'>stellae</span> <span class='ocrx_word' id='word_1_151' title='bbox 576 1731 606 1788; x_wconf 88' lang='lat' dir='ltr'>in</span> <span class='ocrx_word' id='word_1_152' title='bbox 621 1729 806 1788; x_wconf 87' lang='lat' dir='ltr'>firmamento</span> <span class='ocrx_word' id='word_1_153' title='bbox 822 1728 942 1804; x_wconf 79' lang='lat' dir='ltr'>fulgent</span> <span class='ocrx_word' id='word_1_154' title='bbox 957 1729 986 1786; x_wconf 91' lang='lat' dir='ltr'>et</span> <span class='ocrx_word' id='word_1_155' title='bbox 1002 1745 1092 1803; x_wconf 87' lang='lat' dir='ltr'>opera</span> 
     </span>
     <span class='ocr_line' id='line_1_19' title="bbox 71 1816 855 1894; baseline 0.008 -20"><span class='ocrx_word' id='word_1_156' title='bbox 71 1816 202 1875; x_wconf 86' lang='lat' dir='ltr'>hominis</span> <span class='ocrx_word' id='word_1_157' title='bbox 226 1816 395 1893; x_wconf 88' lang='lat' dir='ltr'>ostendunt,</span> <span class='ocrx_word' id='word_1_158' title='bbox 419 1837 487 1877; x_wconf 85' lang='lat' dir='ltr'>eum</span> <span class='ocrx_word' id='word_1_159' title='bbox 509 1819 598 1879; x_wconf 92' lang='lat' dir='ltr'>homo</span> <span class='ocrx_word' id='word_1_160' title='bbox 621 1820 679 1877; x_wconf 86' lang='lat' dir='ltr'>iam</span> <span class='ocrx_word' id='word_1_161' title='bbox 704 1820 855 1894; x_wconf 74' lang='lat' dir='ltr'>operatur.</span> 
     </span>
    </p>

    <p class='ocr_par' dir='ltr' id='par_1_4' title="bbox 69 1905 1192 3230">
     <span class='ocr_line' id='line_1_20' title="bbox 140 1905 1091 1982; baseline -0.001 -18"><span class='ocrx_word' id='word_1_162' title='bbox 140 1905 185 1964; x_wconf 84' lang='lat' dir='ltr'>De</span> <span class='ocrx_word' id='word_1_163' title='bbox 211 1905 407 1978; x_wconf 64' lang='lat' dir='ltr'>pennatorum</span> <span class='ocrx_word' id='word_1_164' title='bbox 438 1908 664 1982; x_wconf 70' lang='lat' dir='ltr'>sipnipteate&#39;one.</span> <span class='ocrx_word' id='word_1_165' title='bbox 719 1907 771 1967; x_wconf 81' lang='lat' dir='ltr'>Sol</span> <span class='ocrx_word' id='word_1_166' title='bbox 802 1924 873 1967; x_wconf 87' lang='lat' dir='ltr'>vero</span> <span class='ocrx_word' id='word_1_167' title='bbox 904 1910 935 1965; x_wconf 91' lang='lat' dir='ltr'>et</span> <span class='ocrx_word' id='word_1_168' title='bbox 961 1907 1033 1964; x_wconf 88' lang='lat' dir='ltr'>luna</span> <span class='ocrx_word' id='word_1_169' title='bbox 1061 1906 1091 1964; x_wconf 88' lang='lat' dir='ltr'>et</span> 
     </span>
     <span class='ocr_line' id='line_1_21' title="bbox 73 1994 1133 2073; baseline 0 -20"><span class='ocrx_word' id='word_1_170' title='bbox 73 1995 167 2053; x_wconf 82' lang='lat' dir='ltr'>ceteri</span> <span class='ocrx_word' id='word_1_171' title='bbox 188 1994 324 2070; x_wconf 72' lang='lat' dir='ltr'>planetae</span> <span class='ocrx_word' id='word_1_172' title='bbox 347 2015 407 2055; x_wconf 94' lang='lat' dir='ltr'>non</span> <span class='ocrx_word' id='word_1_173' title='bbox 430 2015 546 2072; x_wconf 89' lang='lat' dir='ltr'>semper</span> <span class='ocrx_word' id='word_1_174' title='bbox 569 2016 658 2073; x_wconf 87' lang='lat' dir='ltr'>opera</span> <span class='ocrx_word' id='word_1_175' title='bbox 684 1997 813 2056; x_wconf 90' lang='lat' dir='ltr'>hominis</span> <span class='ocrx_word' id='word_1_176' title='bbox 841 1994 1013 2068; x_wconf 87' lang='lat' dir='ltr'>ostendunt,</span> <span class='ocrx_word' id='word_1_177' title='bbox 1040 1995 1091 2054; x_wconf 92' lang='lat' dir='ltr'>sed</span> <span class='ocrx_word' id='word_1_178' title='bbox 1105 1997 1133 2043; x_wconf 71' lang='lat'>20</span> 
     </span>
     <span class='ocr_line' id='line_1_22' title="bbox 73 2083 1091 2162; baseline 0.003 -22"><span class='ocrx_word' id='word_1_179' title='bbox 73 2101 152 2143; x_wconf 90' lang='lat' dir='ltr'>raro.</span> <span class='ocrx_word' id='word_1_180' title='bbox 190 2083 230 2141; x_wconf 72' lang='lat' dir='ltr'>th</span> <span class='ocrx_word' id='word_1_181' title='bbox 253 2101 322 2142; x_wconf 85' lang='lat' dir='ltr'>enm</span> <span class='ocrx_word' id='word_1_182' title='bbox 344 2085 402 2160; x_wconf 90' lang='lat' dir='ltr'>ipsi</span> <span class='ocrx_word' id='word_1_183' title='bbox 425 2086 549 2161; x_wconf 89' lang='lat' dir='ltr'>aliquid·</span> <span class='ocrx_word' id='word_1_184' title='bbox 562 2086 727 2158; x_wconf 83' lang='lat' dir='ltr'>ostendunt,</span> <span class='ocrx_word' id='word_1_185' title='bbox 750 2087 806 2145; x_wconf 91' lang='lat' dir='ltr'>hoo</span> <span class='ocrx_word' id='word_1_186' title='bbox 828 2105 971 2162; x_wconf 81' lang='lat' dir='ltr'>magnum</span> <span class='ocrx_word' id='word_1_187' title='bbox 994 2087 1039 2144; x_wconf 86' lang='lat' dir='ltr'>est</span> <span class='ocrx_word' id='word_1_188' title='bbox 1062 2087 1091 2143; x_wconf 91' lang='lat' dir='ltr'>et</span> 
     </span>
     <span class='ocr_line' id='line_1_23' title="bbox 74 2172 1192 2254; baseline 0 -24"><span class='ocrx_word' id='word_1_189' title='bbox 74 2172 112 2230; x_wconf 87' lang='lat' dir='ltr'>ad</span> <span class='ocrx_word' id='word_1_190' title='bbox 134 2172 286 2248; x_wconf 80' lang='lat' dir='ltr'>publicam</span> <span class='ocrx_word' id='word_1_191' title='bbox 308 2191 372 2232; x_wconf 89' lang='lat' dir='ltr'>rem</span> <span class='ocrx_word' id='word_1_192' title='bbox 394 2176 531 2249; x_wconf 88' lang='lat' dir='ltr'>pertinet.</span> <span class='ocrx_word' id='word_1_193' title='bbox 567 2173 712 2244; x_wconf 83' lang='lat' dir='ltr'>Quoniam</span> <span class='ocrx_word' id='word_1_194' title='bbox 727 2193 860 2234; x_wconf 86' lang='lat' dir='ltr'>summus</span> <span class='ocrx_word' id='word_1_195' title='bbox 884 2175 1011 2250; x_wconf 85' lang='lat' dir='ltr'>planeta,</span> <span class='ocrx_word' id='word_1_196' title='bbox 1036 2174 1091 2254; x_wconf 90' lang='lat' dir='ltr'>qui</span> <span class='ocrx_word' id='word_1_197' title='bbox 1190 2214 1192 2216; x_wconf 85' lang='lat'><em>-</em></span> 
     </span>
     <span class='ocr_line' id='line_1_24' title="bbox 73 2259 1089 2340; baseline 0 -20"><span class='ocrx_word' id='word_1_198' title='bbox 73 2262 200 2321; x_wconf 75' lang='lat' dir='ltr'>oculus</span> <span class='ocrx_word' id='word_1_199' title='bbox 231 2259 353 2333; x_wconf 83' lang='lat' dir='ltr'>dieitur,</span> <span class='ocrx_word' id='word_1_200' title='bbox 383 2267 412 2322; x_wconf 90' lang='lat' dir='ltr'>et</span> <span class='ocrx_word' id='word_1_201' title='bbox 443 2264 506 2336; x_wconf 88' lang='lat' dir='ltr'>ille,</span> <span class='ocrx_word' id='word_1_202' title='bbox 540 2265 593 2340; x_wconf 91' lang='lat' dir='ltr'>qui</span> <span class='ocrx_word' id='word_1_203' title='bbox 620 2265 772 2340; x_wconf 87' lang='lat' dir='ltr'>proximus</span> <span class='ocrx_word' id='word_1_204' title='bbox 800 2283 890 2340; x_wconf 87' lang='lat' dir='ltr'>supra</span> <span class='ocrx_word' id='word_1_205' title='bbox 912 2265 1014 2322; x_wconf 91' lang='lat' dir='ltr'>lunam</span> <span class='ocrx_word' id='word_1_206' title='bbox 1038 2269 1089 2335; x_wconf 89' lang='lat' dir='ltr'>est,</span> 
     </span>
     <span class='ocr_line' id='line_1_25' title="bbox 72 2350 1089 2428; baseline 0 -20"><span class='ocrx_word' id='word_1_207' title='bbox 72 2351 127 2426; x_wconf 88' lang='lat' dir='ltr'>qui</span> <span class='ocrx_word' id='word_1_208' title='bbox 150 2350 261 2409; x_wconf 85' lang='lat' dir='ltr'>dieitur</span> <span class='ocrx_word' id='word_1_209' title='bbox 283 2370 432 2426; x_wconf 82' lang='lat' dir='ltr'>pauper,</span> <span class='ocrx_word' id='word_1_210' title='bbox 456 2353 487 2410; x_wconf 93' lang='lat' dir='ltr'>in</span> <span class='ocrx_word' id='word_1_211' title='bbox 509 2353 714 2428; x_wconf 72' lang='lat' dir='ltr'>profunditate</span> <span class='ocrx_word' id='word_1_212' title='bbox 736 2353 916 2412; x_wconf 86' lang='lat' dir='ltr'>firmamenti</span> <span class='ocrx_word' id='word_1_213' title='bbox 930 2353 1013 2412; x_wconf 88' lang='lat' dir='ltr'>velut</span> <span class='ocrx_word' id='word_1_214' title='bbox 1029 2350 1089 2409; x_wconf 92' lang='lat' dir='ltr'>duo</span> 
     </span>
     <span class='ocr_line' id='line_1_26' title="bbox 72 2438 1131 2518; baseline -0.001 -20"><span class='ocrx_word' id='word_1_215' title='bbox 72 2438 150 2498; x_wconf 85' lang='lat' dir='ltr'>olavi</span> <span class='ocrx_word' id='word_1_216' title='bbox 178 2439 267 2515; x_wconf 89' lang='lat' dir='ltr'>positi</span> <span class='ocrx_word' id='word_1_217' title='bbox 294 2442 365 2499; x_wconf 88' lang='lat' dir='ltr'>sunt</span> <span class='ocrx_word' id='word_1_218' title='bbox 390 2444 421 2499; x_wconf 91' lang='lat' dir='ltr'>et</span> <span class='ocrx_word' id='word_1_219' title='bbox 447 2441 616 2501; x_wconf 86' lang='lat' dir='ltr'>hominibus</span> <span class='ocrx_word' id='word_1_220' title='bbox 640 2460 704 2502; x_wconf 92' lang='lat' dir='ltr'>non</span> <span class='ocrx_word' id='word_1_221' title='bbox 735 2447 891 2518; x_wconf 77' lang='lat' dir='ltr'>apparent,</span> <span class='ocrx_word' id='word_1_222' title='bbox 924 2441 981 2500; x_wconf 91' lang='lat' dir='ltr'>nisi</span> <span class='ocrx_word' id='word_1_223' title='bbox 1009 2438 1089 2516; x_wconf 91' lang='lat' dir='ltr'>quod</span> <span class='ocrx_word' id='word_1_224' title='bbox 1104 2445 1131 2489; x_wconf 80' lang='lat'>25</span> 
     </span>
     <span class='ocr_line' id='line_1_27' title="bbox 71 2528 1090 2606; baseline 0 -20"><span class='ocrx_word' id='word_1_225' title='bbox 71 2528 241 2604; x_wconf 81' lang='lat' dir='ltr'>aliquando,</span> <span class='ocrx_word' id='word_1_226' title='bbox 262 2547 328 2587; x_wconf 87' lang='lat' dir='ltr'>enm</span> <span class='ocrx_word' id='word_1_227' title='bbox 345 2529 436 2588; x_wconf 83' lang='lat' dir='ltr'>nubes</span> <span class='ocrx_word' id='word_1_228' title='bbox 452 2529 641 2592; x_wconf 83' lang='lat' dir='ltr'>obnubilatae</span> <span class='ocrx_word' id='word_1_229' title='bbox 657 2535 735 2606; x_wconf 90' lang='lat' dir='ltr'>sunt,</span> <span class='ocrx_word' id='word_1_230' title='bbox 754 2532 836 2589; x_wconf 89' lang='lat' dir='ltr'>velut</span> <span class='ocrx_word' id='word_1_231' title='bbox 851 2529 973 2606; x_wconf 91' lang='lat' dir='ltr'>quidam</span> <span class='ocrx_word' id='word_1_232' title='bbox 987 2529 1090 2605; x_wconf 84' lang='lat' dir='ltr'>fulgor</span> 
     </span>
     <span class='ocr_line' id='line_1_28' title="bbox 70 2616 1090 2695; baseline 0.001 -19"><span class='ocrx_word' id='word_1_233' title='bbox 70 2617 110 2676; x_wconf 83' lang='lat' dir='ltr'>ab</span> <span class='ocrx_word' id='word_1_234' title='bbox 143 2617 184 2676; x_wconf 90' lang='lat' dir='ltr'>eis</span> <span class='ocrx_word' id='word_1_235' title='bbox 215 2617 246 2674; x_wconf 93' lang='lat' dir='ltr'>in</span> <span class='ocrx_word' id='word_1_236' title='bbox 277 2616 408 2678; x_wconf 88' lang='lat' dir='ltr'>nubibus</span> <span class='ocrx_word' id='word_1_237' title='bbox 439 2624 575 2694; x_wconf 87' lang='lat' dir='ltr'>apparet,</span> <span class='ocrx_word' id='word_1_238' title='bbox 609 2640 677 2679; x_wconf 86' lang='lat' dir='ltr'>oum</span> <span class='ocrx_word' id='word_1_239' title='bbox 710 2619 824 2695; x_wconf 90' lang='lat' dir='ltr'>aliquid</span> <span class='ocrx_word' id='word_1_240' title='bbox 856 2619 997 2686; x_wconf 85' lang='lat' dir='ltr'>futurum</span> <span class='ocrx_word' id='word_1_241' title='bbox 1028 2637 1090 2678; x_wconf 88' lang='lat' dir='ltr'>esse</span> 
     </span>
     <span class='ocr_line' id='line_1_29' title="bbox 70 2705 1089 2785; baseline 0.002 -22"><span class='ocrx_word' id='word_1_242' title='bbox 70 2705 291 2782; x_wconf 74' lang='lat' dir='ltr'>praesignant</span> <span class='ocrx_word' id='word_1_243' title='bbox 321 2705 378 2765; x_wconf 84' lang='lat' dir='ltr'>Sed</span> <span class='ocrx_word' id='word_1_244' title='bbox 412 2708 493 2783; x_wconf 91' lang='lat' dir='ltr'>quod</span> <span class='ocrx_word' id='word_1_245' title='bbox 527 2710 558 2767; x_wconf 93' lang='lat' dir='ltr'>in</span> <span class='ocrx_word' id='word_1_246' title='bbox 592 2711 653 2768; x_wconf 89' lang='lat' dir='ltr'>sole</span> <span class='ocrx_word' id='word_1_247' title='bbox 687 2710 788 2785; x_wconf 85' lang='lat' dir='ltr'>aliqua</span> <span class='ocrx_word' id='word_1_248' title='bbox 821 2708 905 2784; x_wconf 81' lang='lat' dir='ltr'>signa</span> <span class='ocrx_word' id='word_1_249' title='bbox 938 2707 1089 2766; x_wconf 88' lang='lat' dir='ltr'>interdum</span> 
     </span>
     <span class='ocr_line' id='line_1_30' title="bbox 70 2793 1089 2879; baseline 0.001 -25"><span class='ocrx_word' id='word_1_250' title='bbox 70 2793 278 2871; x_wconf 84' lang='lat' dir='ltr'>ostenduntur,</span> <span class='ocrx_word' id='word_1_251' title='bbox 301 2795 357 2855; x_wconf 85' lang='lat' dir='ltr'>hoo</span> <span class='ocrx_word' id='word_1_252' title='bbox 379 2796 446 2856; x_wconf 91' lang='lat' dir='ltr'>ideo</span> <span class='ocrx_word' id='word_1_253' title='bbox 470 2799 576 2866; x_wconf 76' lang='lat' dir='ltr'>evenit,</span> <span class='ocrx_word' id='word_1_254' title='bbox 600 2799 684 2879; x_wconf 88' lang='lat' dir='ltr'>quod</span> <span class='ocrx_word' id='word_1_255' title='bbox 704 2799 755 2857; x_wconf 86' lang='lat' dir='ltr'>isti</span> <span class='ocrx_word' id='word_1_256' title='bbox 772 2799 832 2856; x_wconf 89' lang='lat' dir='ltr'>duo</span> <span class='ocrx_word' id='word_1_257' title='bbox 848 2797 982 2873; x_wconf 83' lang='lat' dir='ltr'>planetae</span> <span class='ocrx_word' id='word_1_258' title='bbox 997 2798 1089 2856; x_wconf 89' lang='lat' dir='ltr'>solem</span> 
     </span>
     <span class='ocr_line' id='line_1_31' title="bbox 69 2883 1130 2965; baseline 0.002 -23"><span class='ocrx_word' id='word_1_259' title='bbox 69 2883 298 2962; x_wconf 77' lang='lat' dir='ltr'>aggrediuntur,</span> <span class='ocrx_word' id='word_1_260' title='bbox 321 2885 364 2943; x_wconf 91' lang='lat' dir='ltr'>ita</span> <span class='ocrx_word' id='word_1_261' title='bbox 387 2887 468 2962; x_wconf 90' lang='lat' dir='ltr'>quod</span> <span class='ocrx_word' id='word_1_262' title='bbox 490 2888 546 2947; x_wconf 86' lang='lat' dir='ltr'>hoo</span> <span class='ocrx_word' id='word_1_263' title='bbox 569 2888 658 2947; x_wconf 91' lang='lat' dir='ltr'>modo</span> <span class='ocrx_word' id='word_1_264' title='bbox 681 2889 766 2965; x_wconf 81' lang='lat' dir='ltr'>signa</span> <span class='ocrx_word' id='word_1_265' title='bbox 785 2888 816 2946; x_wconf 91' lang='lat' dir='ltr'>in</span> <span class='ocrx_word' id='word_1_266' title='bbox 832 2887 896 2962; x_wconf 91' lang='lat' dir='ltr'>ipso</span> <span class='ocrx_word' id='word_1_267' title='bbox 912 2887 997 2958; x_wconf 85' lang='lat' dir='ltr'>fiunt,</span> <span class='ocrx_word' id='word_1_268' title='bbox 1021 2906 1088 2946; x_wconf 87' lang='lat' dir='ltr'>eum</span> <span class='ocrx_word' id='word_1_269' title='bbox 1102 2893 1130 2938; x_wconf 82' lang='lat'>30</span> 
     </span>
     <span class='ocr_line' id='line_1_32' title="bbox 69 2972 1089 3052; baseline 0.002 -20"><span class='ocrx_word' id='word_1_270' title='bbox 69 2972 187 3049; x_wconf 89' lang='lat' dir='ltr'>aliquid</span> <span class='ocrx_word' id='word_1_271' title='bbox 217 2974 357 3034; x_wconf 86' lang='lat' dir='ltr'>miraonli</span> <span class='ocrx_word' id='word_1_272' title='bbox 388 2975 526 3035; x_wconf 91' lang='lat' dir='ltr'>futurum</span> <span class='ocrx_word' id='word_1_273' title='bbox 559 2977 624 3036; x_wconf 88' lang='lat' dir='ltr'>erit.</span> <span class='ocrx_word' id='word_1_274' title='bbox 675 2977 735 3052; x_wconf 88' lang='lat' dir='ltr'>Ipsi</span> <span class='ocrx_word' id='word_1_275' title='bbox 764 2996 835 3036; x_wconf 91' lang='lat' dir='ltr'>vero</span> <span class='ocrx_word' id='word_1_276' title='bbox 866 2977 1000 3051; x_wconf 86' lang='lat' dir='ltr'>planetae</span> <span class='ocrx_word' id='word_1_277' title='bbox 1030 2995 1089 3035; x_wconf 91' lang='lat' dir='ltr'>non</span> 
     </span>
     <span class='ocr_line' id='line_1_33' title="bbox 69 3062 1088 3142; baseline 0.001 -20"><span class='ocrx_word' id='word_1_278' title='bbox 69 3062 265 3140; x_wconf 86' lang='lat' dir='ltr'>apparebunt,</span> <span class='ocrx_word' id='word_1_279' title='bbox 289 3064 333 3123; x_wconf 84' lang='lat' dir='ltr'>ito</span> <span class='ocrx_word' id='word_1_280' title='bbox 356 3066 392 3123; x_wconf 93' lang='lat' dir='ltr'>ut</span> <span class='ocrx_word' id='word_1_281' title='bbox 413 3066 542 3141; x_wconf 82' lang='lat' dir='ltr'>perfecte</span> <span class='ocrx_word' id='word_1_282' title='bbox 565 3069 595 3125; x_wconf 93' lang='lat' dir='ltr'>et</span> <span class='ocrx_word' id='word_1_283' title='bbox 617 3066 744 3142; x_wconf 84' lang='lat' dir='ltr'>pleniter</span> <span class='ocrx_word' id='word_1_284' title='bbox 758 3066 925 3137; x_wconf 85' lang='lat' dir='ltr'>videantur,</span> <span class='ocrx_word' id='word_1_285' title='bbox 948 3066 1005 3124; x_wconf 88' lang='lat' dir='ltr'>nisi</span> <span class='ocrx_word' id='word_1_286' title='bbox 1021 3069 1088 3123; x_wconf 89' lang='lat' dir='ltr'>ante</span> 
     </span>
     <span class='ocr_line' id='line_1_34' title="bbox 69 3152 1089 3230; baseline -0.001 -18"><span class='ocrx_word' id='word_1_287' title='bbox 69 3153 150 3212; x_wconf 87' lang='lat' dir='ltr'>diem</span> <span class='ocrx_word' id='word_1_288' title='bbox 180 3152 292 3216; x_wconf 77' lang='lat' dir='ltr'>iudicii.</span> <span class='ocrx_word' id='word_1_289' title='bbox 337 3153 377 3212; x_wconf 81' lang='lat' dir='ltr'>Et</span> <span class='ocrx_word' id='word_1_290' title='bbox 407 3155 479 3214; x_wconf 80' lang='lat' dir='ltr'>tnnc</span> <span class='ocrx_word' id='word_1_291' title='bbox 509 3154 696 3230; x_wconf 90' lang='lat' dir='ltr'>splendorem</span> <span class='ocrx_word' id='word_1_292' title='bbox 726 3174 813 3215; x_wconf 91' lang='lat' dir='ltr'>snum</span> <span class='ocrx_word' id='word_1_293' title='bbox 845 3154 881 3214; x_wconf 90' lang='lat' dir='ltr'>de</span> <span class='ocrx_word' id='word_1_294' title='bbox 908 3173 1023 3214; x_wconf 88' lang='lat' dir='ltr'>summo</span> <span class='ocrx_word' id='word_1_295' title='bbox 1051 3154 1089 3211; x_wconf 90' lang='lat' dir='ltr'>ad</span> 
     </span>
    </p>
   </div>
   <div class='ocr_carea' id='block_1_3' title="bbox 67 3242 1130 3588">
    <p class='ocr_par' dir='ltr' id='par_1_5' title="bbox 67 3242 1130 3588">
     <span class='ocr_line' id='line_1_35' title="bbox 67 3242 1088 3320; baseline -0.001 -18"><span class='ocrx_word' id='word_1_296' title='bbox 67 3246 184 3302; x_wconf 89' lang='lat' dir='ltr'>terram</span> <span class='ocrx_word' id='word_1_297' title='bbox 218 3242 338 3302; x_wconf 89' lang='lat' dir='ltr'>insolito</span> <span class='ocrx_word' id='word_1_298' title='bbox 372 3243 526 3320; x_wconf 88' lang='lat' dir='ltr'>emittunt,</span> <span class='ocrx_word' id='word_1_299' title='bbox 558 3246 588 3304; x_wconf 89' lang='lat' dir='ltr'>et</span> <span class='ocrx_word' id='word_1_300' title='bbox 610 3264 664 3320; x_wconf 88' lang='lat' dir='ltr'>per</span> <span class='ocrx_word' id='word_1_301' title='bbox 694 3247 750 3305; x_wconf 88' lang='lat' dir='ltr'>hoo</span> <span class='ocrx_word' id='word_1_302' title='bbox 782 3246 928 3320; x_wconf 89' lang='lat' dir='ltr'>sapientes</span> <span class='ocrx_word' id='word_1_303' title='bbox 955 3242 1088 3301; x_wconf 90' lang='lat' dir='ltr'>homines</span> 
     </span>
     <span class='ocr_line' id='line_1_36' title="bbox 69 3331 1130 3412; baseline -0.006 -22"><span class='ocrx_word' id='word_1_304' title='bbox 69 3331 150 3390; x_wconf 90' lang='lat' dir='ltr'>diem</span> <span class='ocrx_word' id='word_1_305' title='bbox 184 3332 287 3391; x_wconf 81' lang='lat' dir='ltr'>indicii</span> <span class='ocrx_word' id='word_1_306' title='bbox 322 3334 562 3410; x_wconf 87' lang='lat' dir='ltr'>appropinquare</span> <span class='ocrx_word' id='word_1_307' title='bbox 594 3334 770 3412; x_wconf 83' lang='lat' dir='ltr'>intelligent.</span> <span class='ocrx_word' id='word_1_308' title='bbox 825 3334 948 3392; x_wconf 88' lang='lat' dir='ltr'>Planeta</span> <span class='ocrx_word' id='word_1_309' title='bbox 979 3333 1087 3406; x_wconf 86' lang='lat' dir='ltr'>autem,</span> <span class='ocrx_word' id='word_1_310' title='bbox 1102 3337 1130 3384; x_wconf 84' lang='lat'>35</span> 
     </span>
     <span class='ocr_line' id='line_1_37' title="bbox 69 3421 1088 3500; baseline -0.001 -20"><span class='ocrx_word' id='word_1_311' title='bbox 69 3422 124 3497; x_wconf 90' lang='lat' dir='ltr'>qni</span> <span class='ocrx_word' id='word_1_312' title='bbox 147 3421 293 3498; x_wconf 88' lang='lat' dir='ltr'>pupilla</span> <span class='ocrx_word' id='word_1_313' title='bbox 315 3421 426 3481; x_wconf 88' lang='lat' dir='ltr'>dieitur</span> <span class='ocrx_word' id='word_1_314' title='bbox 449 3424 554 3499; x_wconf 90' lang='lat' dir='ltr'>etqui</span> <span class='ocrx_word' id='word_1_315' title='bbox 577 3428 646 3500; x_wconf 88' lang='lat' dir='ltr'>post</span> <span class='ocrx_word' id='word_1_316' title='bbox 673 3443 823 3483; x_wconf 88' lang='lat' dir='ltr'>summum</span> <span class='ocrx_word' id='word_1_317' title='bbox 850 3425 908 3494; x_wconf 89' lang='lat' dir='ltr'>est,</span> <span class='ocrx_word' id='word_1_318' title='bbox 940 3421 1088 3480; x_wconf 83' lang='lat' dir='ltr'>diluvium</span> 
     </span>
     <span class='ocr_line' id='line_1_38' title="bbox 68 3510 1114 3588; baseline -0.005 -19"><span class='ocrx_word' id='word_1_319' title='bbox 68 3510 215 3588; x_wconf 89' lang='lat' dir='ltr'>produxit</span> <span class='ocrx_word' id='word_1_320' title='bbox 236 3515 267 3571; x_wconf 88' lang='lat' dir='ltr'>et</span> <span class='ocrx_word' id='word_1_321' title='bbox 289 3511 425 3576; x_wconf 85' lang='lat' dir='ltr'>ostendit.</span> <span class='ocrx_word' id='word_1_322' title='bbox 455 3513 495 3573; x_wconf 82' lang='lat' dir='ltr'>llt</span> <span class='ocrx_word' id='word_1_323' title='bbox 517 3514 573 3575; x_wconf 88' lang='lat' dir='ltr'>iste</span> <span class='ocrx_word' id='word_1_324' title='bbox 596 3514 688 3577; x_wconf 93' lang='lat' dir='ltr'>modo</span> <span class='ocrx_word' id='word_1_325' title='bbox 708 3517 749 3576; x_wconf 86' lang='lat' dir='ltr'>ut</span> <span class='ocrx_word' id='word_1_326' title='bbox 768 3513 861 3576; x_wconf 82' lang='lat' dir='ltr'>stella</span> <span class='ocrx_word' id='word_1_327' title='bbox 879 3531 947 3571; x_wconf 82' lang='lat' dir='ltr'>non</span> <span class='ocrx_word' id='word_1_328' title='bbox 965 3513 1114 3584; x_wconf 57' lang='lat' dir='ltr'>apparat„</span> 
     </span>
    </p>
   </div>
   <div class='ocr_carea' id='block_1_4' title="bbox 0 0 1234 3862">
    <p class='ocr_par' dir='ltr' id='par_1_6' title="bbox 0 0 1234 3862">
     <span class='ocr_line' id='line_1_39' title="bbox 0 0 1234 3862; baseline 0 1"><span class='ocrx_word' id='word_1_329' title='bbox 0 0 1234 3862; x_wconf 95' lang='lat' dir='ltr'> </span> 
     </span>
    </p>
   </div>
  </div>
 </body>
</html>
