2460 3862
376 130 518 187 cncsnu
537 130 583 186 nr
602 112 724 187 11111
743 131 876 188 11111.
1078 139 1141 198 203

118 317 242 388 transit,
265 317 473 394 gamandream
496 317 626 377 oleribus
650 319 680 375 11
702 317 769 375 aliis
790 316 875 376 bonis
897 316 1028 376 herbulis
1044 317 1142 392 addat,

114 425 160 465 ex
192 406 301 482 quibus
333 406 432 465 cibum
464 406 554 466 faeiat
585 408 616 464 et
647 406 690 466 ita
716 406 842 466 eundem
871 408 971 467 eibum
992 406 1141 466 moderate

115 495 271 569 comedat3
302 498 331 554 et
354 496 532 572 gamandrea
558 496 744 571 praedictum
776 497 949 573 sanguinem
976 497 1086 555 minuit
1112 500 1142 555 et

121 604 196 644 eum
211 585 374 662 restringit,
398 586 479 644 olera
493 588 593 644 autem
609 587 639 644 et
654 585 728 644 eliae
743 585 852 644 herbae
875 605 943 644 eum
967 586 1141 645 refocillant.

190 674 270 734 Item
304 675 340 734 de
375 676 544 748 emoptoc'co.
603 673 634 732 Si
669 694 704 733 er
739 674 937 733 amaritudine
978 675 1075 734 cordis
1113 678 1169 738 ets

119 763 342 840 cogitationum
365 765 448 840 splen
471 766 501 823 et
522 763 626 839 pulmo
649 763 778 823 hominis
801 763 970 837 laeduntur,
993 764 1036 822 ita
1061 764 1142 839 quod

120 852 214 912 bomo
249 853 281 910 in
314 852 361 912 his
396 853 521 913 interius
556 871 715 929 oppressus
749 854 924 930 sanguinem
952 871 1087 912 excreare
1112 858 1141 911 et

124 959 261 1001 evomere
295 943 432 1020 cogitur,
472 942 594 1002 eandem
633 942 819 1002 emissionem
856 942 1009 1018 sanguinis
1043 942 1074 1000 in
1110 961 1140 1001 se

124 1033 245 1107 repente
268 1050 326 1090 non
349 1033 524 1110 restringat,
555 1052 592 1091 ne
618 1032 687 1091 inde
715 1032 839 1092 interius
863 1031 1050 1090 exulceratus
1074 1049 1138 1089 san·

125 1120 249 1196 guinem
270 1121 366 1198 magis
389 1125 419 1181 et
441 1121 537 1198 magis
565 1124 695 1194 evomat;
726 1122 777 1182 sed
808 1140 877 1180 cum
906 1120 985 1180 idem
1008 1120 1140 1180 vomitus
1155 1136 1182 1180 10

125 1209 278 1286 sanguinis
300 1209 332 1268 in
354 1229 388 1269 eo
412 1209 597 1287 aliquamdiu
620 1211 789 1286 cessaverit,
813 1211 844 1268 in
866 1210 975 1285 pollice
1003 1210 1140 1269 dexterae

125 1317 230 1357 manus
252 1301 426 1377 sanguinem
453 1300 578 1375 minuat,
611 1301 754 1375 quatinus
781 1300 902 1375 sanguis
928 1299 1001 1358 illuc
1028 1300 1139 1374 tendat,

126 1387 177 1463 qni
199 1387 231 1446 in
253 1387 371 1447 sinistra
392 1392 478 1465 parte
500 1388 628 1447 hominis
654 1390 780 1447 eundem
804 1388 939 1447 dolorem
962 1388 1055 1452 affert.
1100 1389 1140 1447 Et

126 1477 167 1536 sic
188 1476 240 1534 ille
262 1478 429 1540 curabitur.

190 1566 269 1626 Item
284 1566 320 1626 dc
334 1568 491 1643 11191111.
527 1565 559 1625 Si
581 1585 634 1641 per
657 1567 814 1624 tristitiam
836 1567 991 1625 interiores
1014 1566 1138 1626 venulae
1153 1583 1179 1626 15

125 1654 156 1712 in
177 1654 294 1714 homine
316 1656 360 1716 ita
383 1655 637 1732 constringuntur,
666 1655 748 1730 quod
770 1655 821 1713 ille
843 1655 994 1714 interdum
1017 1657 1136 1732 sangui·

126 1761 191 1803 nem
219 1744 338 1817 evomit,
367 1745 492 1804 eundem
520 1745 696 1822 sanguinem
723 1745 902 1822 restringere
929 1764 987 1803 non
1010 1746 1139 1820 festinet,

127 1832 229 1892 sedin
253 1832 352 1909 quiete
376 1836 405 1893 ct
427 1835 458 1893 in
480 1834 597 1893 silentio
621 1834 775 1905 sustineat,
810 1853 905 1910 usque
938 1835 1010 1892 dum
1032 1854 1086 1910 per
1109 1853 1139 1892 se

126 1921 155 1980 in
183 1921 249 1997 ipso
278 1926 381 1999 cesset,
414 1943 451 1982 ne
477 1924 504 1982 11
526 1927 647 1999 repente
676 1924 854 2001 restringere
881 1926 1038 1995 curaverit,
1071 1924 1139 1982 inde

30 2073 47 2086 ,³
127 2011 225 2086 potius
248 2011 385 2071 laedatur
408 2032 498 2088 quam
521 2013 650 2085 iuvetur,
680 2012 761 2088 quod
792 2013 912 2072 effluere
943 2014 1062 2072 tandem
1085 2032 1138 2090 per
1152 2025 1180 2070 20

128 2100 309 2160 1111111111.

193 2191 241 2250 Dc
267 2191 412 2264 tricipite.
458 2189 533 2249 Oum
559 2191 696 2266 pustula,
729 2210 805 2267 quae
834 2189 990 2270 freislichaz
1018 2191 1138 2264 dicitur,

128 2277 157 2336 in
178 2278 298 2338 homine
321 2299 390 2339 cum
412 2283 530 2339 tumore
559 2298 589 2339 11
621 2281 777 2355 inflaverit,
809 2298 923 2338 muscas
952 2280 1077 2354 accipiat
1109 2284 1139 2337 et

127 2368 273 2444 capitibus
302 2388 403 2428 earum
427 2368 547 2427 abiectis
571 2388 619 2428 111
636 2373 777 2445 conterat,
805 2371 854 2440 (et
869 2370 931 2442 eis>
957 2369 1038 2427 111111
1062 2368 1139 2427 circa

128 2459 274 2516 tumorem
297 2458 386 2517 illum
409 2458 554 2517 circulum
576 2459 674 2530 faciat,
699 2459 780 2534 quod
801 2477 946 2517 venenum
968 2475 1139 2515 muscarum
1152 2473 1180 2517 25

127 2544 252 2605 istarum
274 2547 388 2605 resistit
410 2566 521 2607 veneno
545 2549 684 2623 pustulae
707 2548 802 2618 illius,
826 2566 862 2606 ne
885 2547 966 2604 ultra
988 2546 1139 2621 procedat.

127 2633 237 2694 Deinde
260 2635 382 2694 rubeam
404 2636 592 2713 testudinem,
617 2657 692 2713 quae
715 2636 824 2713 absque
848 2635 956 2695 concha
972 2642 1024 2709 est,
1040 2646 1139 2694 sumat

127 2726 154 2782 et
176 2735 211 2784 ea
233 2725 306 2784 trita
329 2744 397 2783 cum
420 2726 485 2802 ipsa
508 2726 654 2785 circulum
677 2727 766 2784 faciat
789 2726 865 2784 circa
881 2724 1027 2784 circulum
1042 2725 1139 2798 illum,

127 2832 214 2889 quem
248 2833 316 2874 cnm
345 2833 447 2874 musca
477 2816 562 2890 facit,
599 2819 630 2874 et
661 2817 738 2874 livor
769 2816 831 2873 eius
863 2814 962 2874 tabem
994 2814 1139 2890 praedicti

125 2903 250 2962 tumoris
274 2905 440 2980 compescit,
463 2909 500 2963 ut
521 2908 621 2976 cesset,
646 2905 736 2980 quod,
760 2904 841 2980 quod
856 2905 968 2962 malum
984 2908 1037 2980 est,
1060 2906 1179 2964 maleae

126 2996 280 3070 repugnat.
325 2993 432 3053 Postea
461 3012 583 3053 succum
613 2994 671 3052 lilii
703 2994 829 3068 accipiat
859 2995 889 3052 et
920 2996 1027 3069 cutem,
1062 3013 1139 3070 quae

126 3081 202 3142 cirea
235 3082 382 3142 circulum
405 3087 457 3155 est,
493 3102 581 3159 quem
616 3103 684 3141 cum
708 3083 857 3142 testudine
879 3082 967 3160 fecit,
1001 3102 1070 3142 cum
1105 3102 1138 3142 eo

126 3174 279 3249 perungat,
313 3173 454 3248 quoniam
485 3173 564 3231 idem
592 3191 695 3232 succus
725 3172 857 3231 dolorem
885 3172 973 3230 illum
997 3172 1086 3249 fugat
1109 3176 1139 3230 et

126 3260 280 3321 sanitatem
311 3261 405 3325 affert.
455 3261 570 3320 Deinde
602 3262 710 3321 folium
737 3262 922 3322 vehedistelca
955 3262 1081 3336 accipiat
1109 3265 1139 3319 et

125 3347 201 3408 illud
224 3368 313 3426 super
337 3351 458 3410 eandem
480 3351 633 3427 pustulam
655 3353 747 3427 ponat
770 3355 859 3428 atque
883 3351 919 3409 de
941 3369 1019 3426 pura
1041 3351 1178 3409 11111111

125 3437 238 3498 similae
260 3439 418 3499 tortellum
441 3441 550 3499 faciens
574 3459 642 3499 eum
665 3459 755 3517 super
778 3440 856 3499 idem
879 3440 987 3498 folium
1003 3443 1032 3498 et
1048 3459 1138 3515 super

124 3528 222 3587 totum
248 3530 398 3588 tumorem
425 3529 512 3588 illum
542 3549 611 3589 cum
638 3550 735 3607 panno
763 3530 890 3606 desuper
919 3529 1009 3606 liget,
1042 3531 1138 3604 quati-
