2460 3862
128 126 170 185 34
438 168 441 175 .
515 118 760 174 HEDEGARDIS

126 306 232 367 herbas
248 309 277 364 et
293 304 427 382 gramina
442 304 580 381 producit
603 307 634 364 et
653 321 742 380 super
765 321 795 363 se
818 303 957 362 animalia
976 303 1096 364 hirsuta
1116 308 1145 364 et

126 396 254 470 pennata
275 394 380 455 nutrit.
410 394 518 453 Mulier
533 395 633 453 autem
653 393 716 452 sino
731 391 823 452 barba
843 394 894 465 661,
918 392 1041 467 quiade
1057 412 1146 454 carne

126 484 185 543 viri
207 484 335 544 formata
357 485 402 542 est
424 487 454 544 61
474 484 540 544 viro
570 483 704 543 subiacet
726 482 809 541 etin
831 482 938 541 maiori
962 483 1063 558 quiete
1087 489 1144 556 661;

127 574 205 633 siout
227 574 316 632 etiam
339 573 458 649 reptilia
479 574 545 648 illa,
568 592 643 648 quae
667 572 702 631 de
724 574 806 631 terra
828 573 1005 647 nascuntur,
1028 571 1146 632 hirsuta

98 675 185 722 enon
208 666 290 734 sunt,
318 662 369 722 sed
392 663 423 721 in
445 662 643 722 terruissent
666 664 697 720 61
723 661 821 720 minus
843 658 968 719 imbrem
992 663 1023 719 et
1050 663 1145 722 solem

127 771 215 827 quam
244 756 340 811 661666
367 752 513 827 animalia,
537 770 613 827 quae
635 768 725 825 super
750 753 861 810 terram
888 752 971 826 sunt,
1002 751 1146 815 sentiunt.

194 840 427 915 1166661611166.
472 840 530 900 Sed
558 844 588 899 61
619 840 697 899 sicut
728 839 867 898 animalia
899 839 936 897 ad
968 841 1145 900 servitutem

126 930 253 991 hominis
284 934 381 991 creata
411 934 482 991 sunt
510 934 540 990 61
566 929 749 989 adiutorium
780 929 826 988 illi
857 927 1086 989 subministrant
1116 932 1146 991 61

127 1020 311 1080 adiutorium
333 1021 489 1097 praebent,
522 1039 589 1080 cum
613 1040 677 1080 eum
700 1019 866 1094 perforant,
896 1018 940 1076 ita
963 1018 1043 1094 quod
1067 1039 1146 1096 aqua

87 1110 282 1185 1661616616
305 1129 369 1169 eam
391 1110 507 1186 irrigat.
552 1108 638 1168 Unde
661 1109 771 1184 611661
793 1108 825 1167 in
847 1108 992 1167 humectis
1014 1108 1091 1169 locis
1113 1109 1144 1169 in

127 1202 207 1259 16666
230 1218 345 1275 semper
366 1198 463 1258 iacent
485 1201 515 1257 61
538 1200 630 1272 [cum]
654 1217 719 1257 eam
742 1199 817 1257 flatu
839 1215 893 1257 suo
917 1197 1096 1257 calefaciunt
1115 1201 1146 1258 61

126 1307 232 1363 spuma
255 1306 289 1346 ac
311 1287 417 1347 sudore
440 1306 493 1347 suo
521 1285 705 1364 humectant,
737 1287 779 1346 sic
806 1286 885 1362 quod
913 1287 948 1346 da
971 1285 1145 1347 huiusmodi

127 1377 257 1436 exicibus
280 1379 309 1435 61
331 1376 451 1436 flatibus
474 1377 694 1452 aliquantulum
721 1376 882 1435 roboratur
908 1379 938 1435 61
964 1379 1144 1439 continetur.

127 1465 212 1537 Quod
236 1484 305 1524 vero
329 1465 360 1524 in
383 1485 417 1526 eo
432 1484 546 1524 vermes
561 1465 699 1526 venenosi
714 1468 791 1536 sunt,
814 1464 871 1523 hoc
887 1469 932 1524 661
948 1465 984 1526 16
999 1465 1144 1526 foeditate

87 1567 114 1612 15
127 1559 157 1615 et
179 1555 335 1631 putredine
358 1559 462 1617 terrae.
507 1554 583 1613 Nam
605 1555 708 1630 pluvia
731 1556 761 1613 et
783 1557 965 1620 rosteriam
987 1555 1018 1613 in
1041 1574 1143 1632 super·

127 1644 192 1703 ficie
214 1663 268 1703 sua
290 1646 399 1721 lavant,
424 1648 454 1704 et
477 1646 601 1704 soleam
617 1643 761 1714 calefacit3
786 1641 864 1700 unde
880 1643 1016 1717 superins
1032 1644 1145 1704 munda

127 1737 171 1792 est
204 1737 234 1792 et
263 1733 389 1803 mundos
416 1733 533 1793 fructus
561 1733 654 1797 affert,
700 1731 806 1790 Sordes
835 1735 935 1790 eutem
963 1737 993 1792 61
1014 1733 1143 1808 putredo

127 1823 164 1880 ad
187 1822 330 1882 interiora
353 1823 417 1881 eius
439 1822 551 1899 fluunt,
582 1820 703 1881 atinde
726 1819 865 1881 venenosi
888 1839 1003 1880 vermes
1028 1822 1059 1881 in
1082 1823 1146 1898 1666

125 1914 300 1987 nascuntur,
333 1912 415 1971 velut
447 1913 535 1971 etiam
566 1929 680 1972 vermes
710 1930 727 1969 a
755 1910 835 1969 senio
863 1909 991 1969 hominis
1018 1911 1050 1970 in
1079 1912 1144 1989 ipso

87 2005 274 2076 recrescunt,
306 2000 358 2076 qui
389 2020 456 2059 eum
487 2000 617 2063 laedunt.
663 1999 711 2059 Sic
743 2000 834 2059 etiam
864 2018 978 2059 vermes
1005 2000 1037 2059 in
1064 2003 1147 2060 terra

127 2092 302 2162 nascuntur,
335 2090 387 2166 qui
412 2093 442 2149 61
464 2089 500 2148 16
523 2109 554 2150 66
577 2090 641 2166 1666
663 2090 848 2152 nutriuntur.
894 2088 952 2148 Sed
975 2089 1007 2148 hi
1029 2108 1144 2150 vermes

127 2180 189 2238 fere
213 2179 327 2238 ossibus
350 2182 462 2251 carent,
495 2180 547 2238 sed
568 2199 713 2240 venenum
741 2180 812 2255 ipsis
841 2179 926 2255 quasi
949 2197 1005 2254 pro
1029 2179 1145 2239 ossibus

127 2270 233 2344 61666
258 2269 402 2345 sanguine
425 2271 470 2328 est
493 2271 596 2328 61666
625 2269 780 2332 confortat.
824 2268 864 2327 Et
893 2268 1016 2345 quidam
1038 2288 1075 2328 ex
1104 2269 1145 2329 eis

126 2357 235 2417 hirsuti
258 2377 316 2417 non
339 2360 422 2429 sunt,
453 2358 523 2432 quia
547 2358 582 2416 de
604 2357 729 2417 humore
751 2359 849 2416 166666
871 2361 1034 2417 nascuntur
1056 2359 1089 2420 61
1114 2359 1145 2417 in

85 2449 352 2507 6616666666161
379 2447 534 2523 superiora
563 2447 697 2523 fugiunt,
727 2446 770 2505 116
802 2445 882 2522 quod
912 2466 965 2507 nac
995 2466 1061 2507 aere
1092 2466 1146 2507 nec

125 2555 192 2596 rore
215 2537 363 2596 66611666
386 2537 483 2596 661666
506 2536 574 2596 solis
597 2536 826 2612 perfunduntur,
854 2534 890 2594 de
913 2535 1022 2611 quibus
1047 2539 1145 2597 661666

126 2626 265 2684 animalia
295 2627 416 2701 perfuse
448 2626 541 2685 crines
571 2625 689 2685 hebent.
734 2625 774 2684 111
805 2624 945 2700 quoniam
972 2625 1087 2684 homini
1115 2629 1146 2685 61

125 2714 327 2790 superioribus
356 2715 532 2774 animalibus
563 2714 740 2774 contrariam
770 2717 907 2773 naturam
944 2713 1067 2791 habent,
1102 2715 1144 2775 eis

126 2804 212 2862 etiam
245 2804 437 2863 inimicantur
469 2808 499 2863 et
526 2822 638 2864 veneno
661 2822 715 2863 suo
739 2803 879 2862 occidunt
901 2806 932 2862 et
953 2803 1087 2864 homines
1111 2822 1145 2864 ac

84 2905 112 2950 30
126 2892 279 2966 superiora
316 2892 376 2952 11116
414 2893 545 2957 laedunt.
599 2892 656 2953 Sed
695 2893 830 2969 quamvis
867 2911 1013 2952 venenum
1046 2893 1078 2952 in
1114 2912 1145 2954 66

125 2980 266 3050 habeant,
300 2981 394 3058 aliqui
415 2985 514 3041 tamen
548 2985 611 3042 tam
641 2981 678 3040 ad
710 2982 956 3041 medicamentum
987 2982 1144 3042 hominum

125 3089 215 3147 quam
238 3070 409 3129 animalium
437 3072 548 3148 valent,
580 3076 610 3132 et
637 3073 663 3130 si
691 3091 751 3131 non
779 3091 814 3130 ex
840 3074 919 3148 toto,
951 3072 1052 3148 aliqua
1073 3090 1143 3148 pars

125 3162 224 3219 tamen
247 3160 378 3234 corporis
401 3179 511 3232 eorum,
536 3161 618 3237 quod
640 3160 750 3220 habent
773 3161 808 3220 de
830 3161 907 3221 bono
930 3179 1017 3221 succo
1037 3163 1143 3236 terrae,

125 3249 197 3325 quia
220 3253 249 3308 61
268 3249 362 3308 bonus
377 3268 482 3309 succus
497 3252 592 3310 terrae
607 3250 698 3310 bonas
713 3251 817 3310 herbas
833 3251 957 3328 profert,
973 3253 1010 3310 ut
1024 3254 1145 3326 serpens

85 3347 145 3396 666
168 3356 254 3398 cervo
279 3339 446 3412 devoratus,
470 3359 523 3414 666
547 3359 635 3415 quem
657 3340 709 3399 ille
732 3340 901 3400 iuvenescit.

191 3429 238 3488 De
261 3429 438 3491 6616111166.
467 3427 610 3489 Volucres
634 3432 734 3489 autem
757 3432 787 3488 61
810 3430 948 3488 animalia
971 3432 1001 3489 61
1022 3430 1144 3507 bestiae,

125 3519 253 3590 quaein
277 3536 349 3577 usus
371 3518 526 3578 hominum
549 3520 649 3580 venire
672 3521 798 3595 possunt
821 3522 851 3578 61
874 3523 958 3596 sunt,
989 3519 1084 3579 vitam
1107 3519 1145 3579 de
