2460 3862
127 146 146 205 6
245 124 248 135 ¹
394 182 395 186 1
513 137 758 195 8888888888

125 343 179 401 888
202 323 331 383 divinam
354 323 513 383 iussionem
526 325 656 384 ultorem
678 324 853 398 excitantur,
876 322 980 382 fletum
1001 323 1032 380 et
1053 323 1139 382 forti·

126 413 261 473 tudinem
284 432 301 472 8
323 412 537 488 principalibus
564 414 659 474 ventis
687 413 748 472 suis
772 412 929 488 accipiunt,
958 414 988 470 et
1014 413 1087 472 tunc
1110 413 1141 472 18

126 503 181 562 tali
202 501 407 578 inquietudine
430 505 500 562 sunt
522 506 552 562 81
573 504 647 562 18188
671 505 700 561 81
726 505 825 562 tantos
848 501 980 578 fragores
1004 504 1034 561 et
1057 502 1139 561 colli·

126 593 220 651 aiones
251 591 454 667 periculorum
486 593 615 668 faciunt,
652 591 782 667 qualiter
811 591 900 650 etiam
932 591 1065 666 pericula
1094 592 1138 650 in·

99 681 338 758 cquietudinum
360 681 431 739 mali
454 681 594 741 humores
616 682 648 740 in
669 680 839 741 hominibus
861 680 984 754 faciunt,
1008 699 1076 740 cum
1092 700 1141 741 eos

124 771 157 829 in
187 769 405 849 aegritudinem
436 770 576 832 deiciunt.
623 769 681 829 Sed
712 770 759 828 illi
788 769 965 846 principales
994 771 1076 830 venti
1104 769 1141 828 ab

124 860 210 919 initio
234 860 338 918 mundi
360 878 523 935 numquam
546 860 578 919 in
599 859 714 920 viribus
736 859 798 918 suis
821 858 948 934 pleniter
971 860 1046 918 moti
1069 862 1140 918 sunt

124 968 177 1009 nec
199 949 401 1009 movebuntur
415 966 511 1025 usque
533 950 565 1008 in
586 949 783 1008 novissimum
799 947 886 1011 diem.
923 948 1046 1007 Etcum
1069 951 1142 1008 tunc

124 1038 334 1098 fortitudinem
357 1055 441 1097 suem
464 1038 646 1098 ostenderint
668 1041 699 1097 et
722 1038 812 1096 flatus
827 1055 895 1097 suos
917 1039 990 1096 tunc
1012 1037 1141 1113 pleniter

84 1143 112 1188 ro
124 1123 282 1203 emiserint,
306 1146 378 1203 prae
402 1128 578 1187 fortitudine
600 1131 631 1187 et
653 1127 803 1187 collisione
826 1145 929 1186 eorum
952 1125 1045 1186 nubes
1067 1127 1141 1187 scin·

124 1218 233 1276 dentur
262 1219 293 1276 et
325 1216 478 1292 superiora
508 1217 688 1275 firmamenti
719 1215 977 1292 complicabuntur
1003 1219 1034 1275 et
1060 1236 1140 1276 rum·

123 1309 242 1381 pentur‚
270 1306 354 1365 velut
381 1324 488 1382 corpus
510 1305 637 1366 hominis
659 1305 806 1365 scinditur
836 1307 866 1364 et
888 1304 987 1364 omnia
1008 1305 1141 1364 membra

124 1395 188 1454 eius
211 1395 388 1470 deiciuntur,
412 1414 480 1454 cum
503 1396 600 1454 anima
622 1395 716 1471 ipsius
739 1394 914 1470 decerpere
937 1412 990 1453 suo
1006 1395 1141 1454 exeundo

124 1484 260 1546 solvitur.
305 1483 420 1543 Ventus
454 1484 532 1543 enim
567 1484 718 1545 orientalis
753 1483 826 1542 duas
861 1483 922 1542 8188
954 1482 1051 1552 habet,
1086 1503 1141 1559 per

85 1587 112 1633 15
125 1592 199 1650 ques
222 1593 337 1632 omnem
362 1573 462 1632 orbem
485 1574 522 1632 ad
545 1591 575 1633 88
598 1573 698 1648 1881811,
726 1573 769 1632 118
795 1575 832 1631 81
854 1572 902 1630 818
929 1591 988 1631 una
1011 1592 1028 1631 8
1051 1591 1139 1649 supe·

123 1659 255 1722 rioribus
279 1663 316 1721 ad
338 1663 480 1722 inferiora
502 1663 570 1722 solis
594 1681 716 1722 cursum
739 1663 888 1722 contineat
911 1665 940 1720 et
972 1662 1018 1721 818
1047 1663 1140 1721 altere

124 1752 180 1811 soli
207 1754 355 1828 occurrat,
387 1752 432 1811 118
460 1755 496 1810 81
526 1752 554 1810 81
581 1751 768 1812 obstaculum
799 1751 846 1824 sit,
878 1769 914 1809 ue
942 1750 985 1810 ibi
1013 1752 1140 1811 ulterius

123 1840 272 1917 procedat,
304 1859 364 1916 quo
393 1842 474 1899 ultra
502 1860 562 1899 uon
591 1841 696 1904 tendit.
741 1841 781 1899 Et
809 1843 914 1899 ventus
945 1840 1000 1899 1818
1023 1859 1140 1900 88888

123 1930 332 1989 humiditatem
355 1930 509 1989 humectat
530 1934 561 1989 et
588 1931 686 1990 omnia
709 1925 844 2006 germina
870 1930 1035 2006 germinare
1059 1930 1140 1990 facit.

86 2019 243 2079 noVentns
266 2022 366 2078 autem
390 2019 578 2079 occidentalis
610 2020 694 2078 velut
721 2038 753 2078 os
778 2020 815 2079 ed
843 2037 943 2078 omnes
967 2037 1057 2093 aquas
1081 2019 1140 2079 dis·

124 2109 281 2184 sipandum
304 2112 335 2168 81
357 2108 586 2184 dispergendum
610 2108 711 2184 habet,
743 2108 787 2167 ita
814 2111 850 2167 ut
873 2126 972 2167 omnes
995 2127 1086 2182 aquas
1109 2110 1140 2168 in

124 2201 204 2258 88818
238 2199 350 2258 1118888
383 2198 497 2258 dividat
530 2207 561 2257 81
589 2198 749 2275 dispergat,
784 2217 820 2257 ne
851 2197 914 2256 8118
944 2216 1020 2272 aqua
1050 2215 1142 2273 supra

125 2288 213 2345 aliam
238 2288 383 2359 ascendat,
407 2287 457 2346 sed
479 2290 516 2346 ut
530 2290 609 2347 recte
624 2287 749 2359 incedat,
774 2288 844 2363 quia
859 2289 1037 2363 potestatem
1052 2286 1142 2347 habet

125 2394 215 2453 88888
246 2395 344 2436 aerem
375 2376 480 2452 illum,
511 2377 564 2453 qui
600 2395 691 2454 aquas
723 2380 831 2454 portat.
876 2376 916 2436 nt
945 2378 1052 2436 ventus
1084 2377 1141 2437 iste

84 2467 224 2525 1188818
250 2466 358 2526 viridia
388 2466 509 2525 arefacit
532 2468 562 2524 et
585 2485 626 2538 ea,
655 2485 730 2542 quae
752 2467 836 2525 iuxta
862 2484 931 2524 eum
959 2468 1038 2528 sunt.
1084 2464 1141 2525 Sed

125 2558 230 2615 ventus
253 2556 393 2616 australis
415 2555 500 2615 velut
521 2556 651 2615 ferreum
668 2555 808 2614 baculum
823 2557 912 2626 tenet,
936 2555 989 2631 qui
1004 2556 1141 2631 superius

125 2648 185 2704 tres
207 2664 307 2705 ramos
334 2646 423 2705 habet
450 2645 557 2721 etqui
579 2645 704 2704 inferius
731 2647 837 2703 acutus
861 2647 913 2707 881.
958 2641 1034 2702 Nam
1057 2646 1142 2720 quasi

126 2734 301 2793 calibineum
323 2734 532 2794 fortitudinem
554 2734 652 2808 habet,
676 2752 752 2809 quae
767 2732 989 2792 firmamentum
1003 2735 1033 2792 et
1056 2735 1141 2810 abys-

125 2840 191 2882 sum
214 2824 352 2882 continet
331 2821 481 2882 Sticut
503 2823 582 2883 enim
597 2822 688 2883 calibs
711 2823 809 2881 omnia
831 2825 998 2882 aeramenta
1020 2825 1143 2897 superat

84 2921 112 2967 eo
126 2914 157 2970 81
179 2911 348 2986 domat,et
374 2915 487 2971 utcor
513 2912 663 2971 hominem
691 2912 847 2984 confortat,
875 2913 919 2970 ita
942 2915 972 2970 et
995 2911 1141 2971 fortitudo

125 3000 206 3061 venti
237 2958 328 3059 huius
361 3000 579 3060 firmamentum
607 3004 637 3060 et
664 3000 802 3101 abyssum
831 3001 937 3077 plagae
965 2999 1046 3059 illius
1075 3019 1142 3060 con·

124 3091 209 3162 tinet,
241 3108 277 3148 ne
309 3089 468 3150 dilabatur.
518 3090 558 3148 Et
588 3090 726 3166 superius
756 3094 817 3149 tres
851 3090 929 3149 vires
962 3089 1047 3164 quasi
1081 3092 1142 3149 tres

124 3197 223 3238 ramos
252 3179 349 3254 habet,
383 3197 510 3255 quarum
541 3198 601 3238 una
624 3180 751 3239 calorem
779 3180 848 3239 solis
876 3179 907 3237 18
931 3178 1042 3237 oriente
1065 3181 1140 3237 tem·

125 3272 211 3345 peret
242 3271 273 3327 et
304 3287 364 3328 una
392 3269 527 3328 ardorem
559 3269 621 3328 eius
653 3269 685 3328 in
712 3269 836 3328 meridie
850 3267 1001 3343 deprimit
1029 3268 1059 3325 et
1082 3287 1143 3327 una

86 3359 255 3418 accelerem
277 3357 359 3418 illius
382 3359 413 3417 in
436 3358 587 3419 occidente
615 3359 781 3435 refrigerat,
815 3377 852 3416 ue
882 3357 987 3417 modos
1018 3374 1087 3416 suos
1110 3358 1142 3416 in

125 3448 223 3525 plagis
250 3447 310 3506 illis
340 3447 467 3509 excedat.
513 3446 570 3506 Sed
598 3448 721 3508 inferius
744 3449 848 3507 acutus
873 3448 924 3522 est,
954 3444 1035 3522 quod
1057 3447 1142 3506 forti·

120 3537 195 3594 tudo
228 3536 293 3596 eius
325 3538 415 3598 etiam
446 3537 477 3596 in
504 3538 643 3613 abyssum
674 3537 732 3596 fixa
763 3538 820 3613 est,
852 3556 888 3595 ne
917 3536 1081 3596 humiditas
1110 3541 1142 3597 et
