<?xml version="1.0" encoding="UTF-8"?>
<!DOCTYPE html PUBLIC "-//W3C//DTD XHTML 1.0 Transitional//EN"
    "http://www.w3.org/TR/xhtml1/DTD/xhtml1-transitional.dtd">
<html xmlns="http://www.w3.org/1999/xhtml" xml:lang="en" lang="en">
 <head>
  <title>
</title>
<meta http-equiv="Content-Type" content="text/html;charset=utf-8" />
  <meta name='ocr-system' content='tesseract 3.04.00' />
  <meta name='ocr-capabilities' content='ocr_page ocr_carea ocr_par ocr_line ocrx_word'/>
</head>
<body>
  <div class='ocr_page' id='page_1' title='image "./hildegardiscaus01hildgoog_0251.png"; bbox 0 0 2460 3862; ppageno 0'>
   <div class='ocr_carea' id='block_1_1' title="bbox 163 117 797 183">
    <p class='ocr_par' dir='ltr' id='par_1_1' title="bbox 163 117 797 183">
     <span class='ocr_line' id='line_1_1' title="bbox 163 117 797 183; baseline 0.006 -13"><span class='ocrx_word' id='word_1_1' title='bbox 163 124 226 183; x_wconf 83' lang='lat'><strong>240</strong></span> <span class='ocrx_word' id='word_1_2' title='bbox 549 117 797 174; x_wconf 78' lang='lat' dir='ltr'><strong>HILDEGARDIS</strong></span> 
     </span>
    </p>
   </div>
   <div class='ocr_carea' id='block_1_2' title="bbox 121 303 1224 3591">
    <p class='ocr_par' dir='ltr' id='par_1_2' title="bbox 161 303 1184 650">
     <span class='ocr_line' id='line_1_2' title="bbox 163 303 1184 378; baseline 0.005 -17"><span class='ocrx_word' id='word_1_3' title='bbox 163 303 258 362; x_wconf 87' lang='lat' dir='ltr'><strong>tristis</strong></span> <span class='ocrx_word' id='word_1_4' title='bbox 281 305 400 362; x_wconf 88' lang='lat' dir='ltr'><strong>estnec</strong></span> <span class='ocrx_word' id='word_1_5' title='bbox 422 303 565 363; x_wconf 90' lang='lat' dir='ltr'><strong>consolari</strong></span> <span class='ocrx_word' id='word_1_6' title='bbox 589 305 699 378; x_wconf 84' lang='lat' dir='ltr'><strong>potest3</strong></span> <span class='ocrx_word' id='word_1_7' title='bbox 730 306 760 362; x_wconf 87' lang='lat' dir='ltr'><strong>et</strong></span> <span class='ocrx_word' id='word_1_8' title='bbox 782 308 877 364; x_wconf 84' lang='lat' dir='ltr'><strong>rectas</strong></span> <span class='ocrx_word' id='word_1_9' title='bbox 905 305 1095 365; x_wconf 87' lang='lat' dir='ltr'><strong>infirmitates</strong></span> <span class='ocrx_word' id='word_1_10' title='bbox 1124 326 1184 366; x_wconf 91' lang='lat' dir='ltr'><strong>non</strong></span> 
     </span>
     <span class='ocr_line' id='line_1_3' title="bbox 161 391 1184 471; baseline 0.005 -22"><span class='ocrx_word' id='word_1_11' title='bbox 161 392 289 465; x_wconf 85' lang='lat' dir='ltr'><strong>habebit,</strong></span> <span class='ocrx_word' id='word_1_12' title='bbox 314 391 365 451; x_wconf 78' lang='lat' dir='ltr'><strong>sed</strong></span> <span class='ocrx_word' id='word_1_13' title='bbox 388 391 425 450; x_wconf 85' lang='lat' dir='ltr'><strong>de</strong></span> <span class='ocrx_word' id='word_1_14' title='bbox 452 393 577 451; x_wconf 77' lang='lat' dir='ltr'><strong>tristitia</strong></span> <span class='ocrx_word' id='word_1_15' title='bbox 600 393 707 451; x_wconf 90' lang='lat' dir='ltr'><strong>mentis</strong></span> <span class='ocrx_word' id='word_1_16' title='bbox 736 411 806 452; x_wconf 86' lang='lat' dir='ltr'><strong>suae</strong></span> <span class='ocrx_word' id='word_1_17' title='bbox 828 394 979 452; x_wconf 87' lang='lat' dir='ltr'><strong>interdum</strong></span> <span class='ocrx_word' id='word_1_18' title='bbox 1002 395 1184 471; x_wconf 83' lang='lat' dir='ltr'><strong>infirmatur,</strong></span> 
     </span>
     <span class='ocr_line' id='line_1_4' title="bbox 162 480 1183 558; baseline 0.006 -19"><span class='ocrx_word' id='word_1_19' title='bbox 162 486 191 540; x_wconf 92' lang='lat' dir='ltr'><strong>et</strong></span> <span class='ocrx_word' id='word_1_20' title='bbox 213 483 255 540; x_wconf 89' lang='lat' dir='ltr'><strong>sic</strong></span> <span class='ocrx_word' id='word_1_21' title='bbox 278 481 331 539; x_wconf 86' lang='lat' dir='ltr'><strong>diu</strong></span> <span class='ocrx_word' id='word_1_22' title='bbox 352 481 442 541; x_wconf 79' lang='lat' dir='ltr'><strong>vivet</strong></span> <span class='ocrx_word' id='word_1_23' title='bbox 473 480 504 540; x_wconf 86' lang='lat' dir='ltr'><strong>Si</strong></span> <span class='ocrx_word' id='word_1_24' title='bbox 528 483 627 540; x_wconf 85' lang='lat' dir='ltr'><strong>autem</strong></span> <span class='ocrx_word' id='word_1_25' title='bbox 650 482 760 540; x_wconf 87' lang='lat' dir='ltr'><strong>femina</strong></span> <span class='ocrx_word' id='word_1_26' title='bbox 783 486 835 558; x_wconf 90' lang='lat' dir='ltr'><strong>est,</strong></span> <span class='ocrx_word' id='word_1_27' title='bbox 859 483 895 541; x_wconf 92' lang='lat' dir='ltr'><strong>ab</strong></span> <span class='ocrx_word' id='word_1_28' title='bbox 920 484 987 543; x_wconf 89' lang='lat' dir='ltr'><strong>aliis</strong></span> <span class='ocrx_word' id='word_1_29' title='bbox 1009 485 1183 545; x_wconf 90' lang='lat' dir='ltr'><strong>hominibus</strong></span> 
     </span>
     <span class='ocr_line' id='line_1_5' title="bbox 162 570 1182 650; baseline 0.006 -22"><span class='ocrx_word' id='word_1_30' title='bbox 162 571 319 646; x_wconf 87' lang='lat' dir='ltr'><strong>amabitur,</strong></span> <span class='ocrx_word' id='word_1_31' title='bbox 351 570 403 629; x_wconf 88' lang='lat' dir='ltr'><strong>sod</strong></span> <span class='ocrx_word' id='word_1_32' title='bbox 434 570 541 629; x_wconf 89' lang='lat' dir='ltr'><strong>timida</strong></span> <span class='ocrx_word' id='word_1_33' title='bbox 564 574 594 629; x_wconf 91' lang='lat' dir='ltr'><strong>at</strong></span> <span class='ocrx_word' id='word_1_34' title='bbox 617 570 745 629; x_wconf 89' lang='lat' dir='ltr'><strong>sollicita</strong></span> <span class='ocrx_word' id='word_1_35' title='bbox 767 573 825 630; x_wconf 85' lang='lat' dir='ltr'><strong>crit</strong></span> <span class='ocrx_word' id='word_1_36' title='bbox 847 591 900 631; x_wconf 87' lang='lat' dir='ltr'><strong>nec</strong></span> <span class='ocrx_word' id='word_1_37' title='bbox 921 591 951 631; x_wconf 91' lang='lat' dir='ltr'><strong>se</strong></span> <span class='ocrx_word' id='word_1_38' title='bbox 973 574 1069 650; x_wconf 89' lang='lat' dir='ltr'><strong>ipsam</strong></span> <span class='ocrx_word' id='word_1_39' title='bbox 1094 576 1182 634; x_wconf 89' lang='lat' dir='ltr'><strong>corri-</strong></span> 
     </span>
    </p>

    <p class='ocr_par' dir='ltr' id='par_1_3' title="bbox 133 660 1183 990">
     <span class='ocr_line' id='line_1_6' title="bbox 133 660 1183 739; baseline 0.006 -23"><span class='ocrx_word' id='word_1_40' title='bbox 133 671 230 736; x_wconf 71' lang='lat' dir='ltr'><strong>sgere</strong></span> <span class='ocrx_word' id='word_1_41' title='bbox 260 661 324 734; x_wconf 90' lang='lat' dir='ltr'><strong>scit,</strong></span> <span class='ocrx_word' id='word_1_42' title='bbox 355 661 399 718; x_wconf 84' lang='lat' dir='ltr'><strong>ita</strong></span> <span class='ocrx_word' id='word_1_43' title='bbox 427 664 464 719; x_wconf 89' lang='lat' dir='ltr'><strong>ut</strong></span> <span class='ocrx_word' id='word_1_44' title='bbox 489 661 550 719; x_wconf 88' lang='lat' dir='ltr'><strong>fere</strong></span> <span class='ocrx_word' id='word_1_45' title='bbox 580 660 712 719; x_wconf 87' lang='lat' dir='ltr'><strong>timendo</strong></span> <span class='ocrx_word' id='word_1_46' title='bbox 739 661 859 736; x_wconf 88' lang='lat' dir='ltr'><strong>periret,</strong></span> <span class='ocrx_word' id='word_1_47' title='bbox 891 662 917 721; x_wconf 91' lang='lat' dir='ltr'><strong>si</strong></span> <span class='ocrx_word' id='word_1_48' title='bbox 944 664 1035 722; x_wconf 89' lang='lat' dir='ltr'><strong>etiam</strong></span> <span class='ocrx_word' id='word_1_49' title='bbox 1057 682 1134 739; x_wconf 91' lang='lat' dir='ltr'><strong>puer</strong></span> <span class='ocrx_word' id='word_1_50' title='bbox 1156 667 1183 723; x_wconf 85' lang='lat' dir='ltr'><strong>ei</strong></span> 
     </span>
     <span class='ocr_line' id='line_1_7' title="bbox 160 749 1182 826; baseline 0.006 -20"><span class='ocrx_word' id='word_1_51' title='bbox 160 749 337 822; x_wconf 73' lang='lat' dir='ltr'><strong>minaretur,</strong></span> <span class='ocrx_word' id='word_1_52' title='bbox 367 753 398 808; x_wconf 91' lang='lat' dir='ltr'><strong>et</strong></span> <span class='ocrx_word' id='word_1_53' title='bbox 420 769 480 808; x_wconf 91' lang='lat' dir='ltr'><strong>non</strong></span> <span class='ocrx_word' id='word_1_54' title='bbox 502 749 632 808; x_wconf 89' lang='lat' dir='ltr'><strong>multum</strong></span> <span class='ocrx_word' id='word_1_55' title='bbox 654 749 685 807; x_wconf 92' lang='lat' dir='ltr'><strong>in</strong></span> <span class='ocrx_word' id='word_1_56' title='bbox 709 768 833 825; x_wconf 87' lang='lat' dir='ltr'><strong>corpore</strong></span> <span class='ocrx_word' id='word_1_57' title='bbox 856 750 1033 826; x_wconf 89' lang='lat' dir='ltr'><strong>infirmatur,</strong></span> <span class='ocrx_word' id='word_1_58' title='bbox 1067 752 1121 811; x_wconf 85' lang='lat' dir='ltr'><strong>sed</strong></span> <span class='ocrx_word' id='word_1_59' title='bbox 1148 753 1182 812; x_wconf 82' lang='lat' dir='ltr'><strong>de</strong></span> 
     </span>
     <span class='ocr_line' id='line_1_8' title="bbox 160 838 1182 916; baseline 0.005 -19"><span class='ocrx_word' id='word_1_60' title='bbox 160 838 284 897; x_wconf 79' lang='lat' dir='ltr'><strong>tristitia</strong></span> <span class='ocrx_word' id='word_1_61' title='bbox 310 838 340 896; x_wconf 91' lang='lat' dir='ltr'><strong>in</strong></span> <span class='ocrx_word' id='word_1_62' title='bbox 364 842 462 898; x_wconf 88' lang='lat' dir='ltr'><strong>mente</strong></span> <span class='ocrx_word' id='word_1_63' title='bbox 483 841 627 916; x_wconf 81' lang='lat' dir='ltr'><strong>gravatur</strong></span> <span class='ocrx_word' id='word_1_64' title='bbox 650 841 681 897; x_wconf 95' lang='lat' dir='ltr'><strong>et</strong></span> <span class='ocrx_word' id='word_1_65' title='bbox 701 839 745 897; x_wconf 91' lang='lat' dir='ltr'><strong>ita</strong></span> <span class='ocrx_word' id='word_1_66' title='bbox 767 839 918 899; x_wconf 83' lang='lat' dir='ltr'><strong>interdum</strong></span> <span class='ocrx_word' id='word_1_67' title='bbox 935 840 1130 915; x_wconf 61' lang='lat' dir='ltr'><strong>debilitatum</strong></span> <span class='ocrx_word' id='word_1_68' title='bbox 1153 847 1182 902; x_wconf 92' lang='lat' dir='ltr'><strong>et</strong></span> 
     </span>
     <span class='ocr_line' id='line_1_9' title="bbox 160 927 390 990; baseline 0.009 -3"><span class='ocrx_word' id='word_1_69' title='bbox 160 927 202 987; x_wconf 89' lang='lat' dir='ltr'><strong>sic</strong></span> <span class='ocrx_word' id='word_1_70' title='bbox 226 928 277 987; x_wconf 86' lang='lat' dir='ltr'><strong>diu</strong></span> <span class='ocrx_word' id='word_1_71' title='bbox 299 928 390 990; x_wconf 85' lang='lat' dir='ltr'><strong>vivet.</strong></span> 
     </span>
    </p>

    <p class='ocr_par' dir='ltr' id='par_1_4' title="bbox 255 1016 1182 1086">
     <span class='ocr_line' id='line_1_10' title="bbox 255 1016 1182 1086; baseline 0.001 -10"><span class='ocrx_word' id='word_1_72' title='bbox 255 1016 402 1076; x_wconf 78' lang='lat' dir='ltr'><strong>Viccsima</strong></span> <span class='ocrx_word' id='word_1_73' title='bbox 433 1018 573 1081; x_wconf 74' lang='lat' dir='ltr'><strong>secundo.</strong></span> <span class='ocrx_word' id='word_1_74' title='bbox 627 1016 684 1086; x_wconf 81' lang='lat' dir='ltr'><strong>Qui</strong></span> <span class='ocrx_word' id='word_1_75' title='bbox 715 1017 747 1075; x_wconf 91' lang='lat' dir='ltr'><strong>in</strong></span> <span class='ocrx_word' id='word_1_76' title='bbox 779 1018 918 1077; x_wconf 85' lang='lat' dir='ltr'><strong>vicesima</strong></span> <span class='ocrx_word' id='word_1_77' title='bbox 950 1019 1080 1078; x_wconf 86' lang='lat' dir='ltr'><strong>secunda</strong></span> <span class='ocrx_word' id='word_1_78' title='bbox 1112 1021 1182 1080; x_wconf 87' lang='lat' dir='ltr'><strong>luna</strong></span> 
     </span>
    </p>

    <p class='ocr_par' dir='ltr' id='par_1_5' title="bbox 123 1105 1183 1535">
     <span class='ocr_line' id='line_1_11' title="bbox 123 1105 1182 1182; baseline 0.008 -21"><span class='ocrx_word' id='word_1_79' title='bbox 123 1115 150 1161; x_wconf 86' lang='lat'><strong>10</strong></span> <span class='ocrx_word' id='word_1_80' title='bbox 162 1106 336 1182; x_wconf 87' lang='lat' dir='ltr'><strong>concipitur,</strong></span> <span class='ocrx_word' id='word_1_81' title='bbox 365 1106 390 1165; x_wconf 92' lang='lat' dir='ltr'><strong>si</strong></span> <span class='ocrx_word' id='word_1_82' title='bbox 413 1106 561 1165; x_wconf 86' lang='lat' dir='ltr'><strong>masculus</strong></span> <span class='ocrx_word' id='word_1_83' title='bbox 589 1110 641 1181; x_wconf 86' lang='lat' dir='ltr'><strong>est,</strong></span> <span class='ocrx_word' id='word_1_84' title='bbox 673 1105 783 1181; x_wconf 83' lang='lat' dir='ltr'>duplex</span> <span class='ocrx_word' id='word_1_85' title='bbox 812 1107 842 1164; x_wconf 91' lang='lat' dir='ltr'><strong>in</strong></span> <span class='ocrx_word' id='word_1_86' title='bbox 875 1111 972 1167; x_wconf 90' lang='lat' dir='ltr'><strong>mente</strong></span> <span class='ocrx_word' id='word_1_87' title='bbox 1000 1109 1060 1168; x_wconf 84' lang='lat' dir='ltr'><strong>erit</strong></span> <span class='ocrx_word' id='word_1_88' title='bbox 1092 1112 1124 1169; x_wconf 88' lang='lat' dir='ltr'><strong>et</strong></span> <span class='ocrx_word' id='word_1_89' title='bbox 1152 1110 1182 1168; x_wconf 91' lang='lat' dir='ltr'><strong>in</strong></span> 
     </span>
     <span class='ocr_line' id='line_1_12' title="bbox 161 1194 1181 1274; baseline 0.005 -21"><span class='ocrx_word' id='word_1_90' title='bbox 161 1194 246 1254; x_wconf 89' lang='lat' dir='ltr'><strong>bellis</strong></span> <span class='ocrx_word' id='word_1_91' title='bbox 275 1195 358 1254; x_wconf 87' lang='lat' dir='ltr'><strong>velut</strong></span> <span class='ocrx_word' id='word_1_92' title='bbox 385 1195 449 1270; x_wconf 92' lang='lat' dir='ltr'><strong>ille,</strong></span> <span class='ocrx_word' id='word_1_93' title='bbox 485 1197 538 1271; x_wconf 90' lang='lat' dir='ltr'><strong>qui</strong></span> <span class='ocrx_word' id='word_1_94' title='bbox 569 1196 601 1253; x_wconf 91' lang='lat' dir='ltr'><strong>in</strong></span> <span class='ocrx_word' id='word_1_95' title='bbox 628 1194 706 1254; x_wconf 92' lang='lat' dir='ltr'><strong>bello</strong></span> <span class='ocrx_word' id='word_1_96' title='bbox 734 1196 853 1255; x_wconf 86' lang='lat' dir='ltr'><strong>fortiter</strong></span> <span class='ocrx_word' id='word_1_97' title='bbox 879 1215 937 1255; x_wconf 91' lang='lat' dir='ltr'><strong>non</strong></span> <span class='ocrx_word' id='word_1_98' title='bbox 966 1201 1097 1274; x_wconf 82' lang='lat' dir='ltr'><strong>pugnat3</strong></span> <span class='ocrx_word' id='word_1_99' title='bbox 1132 1198 1181 1258; x_wconf 85' lang='lat' dir='ltr'><strong>scd</strong></span> 
     </span>
     <span class='ocr_line' id='line_1_13' title="bbox 161 1282 1182 1360; baseline 0.004 -18"><span class='ocrx_word' id='word_1_100' title='bbox 161 1285 322 1343; x_wconf 87' lang='lat' dir='ltr'><strong>secundum</strong></span> <span class='ocrx_word' id='word_1_101' title='bbox 345 1282 410 1360; x_wconf 94' lang='lat' dir='ltr'><strong>hoc,</strong></span> <span class='ocrx_word' id='word_1_102' title='bbox 434 1284 515 1360; x_wconf 88' lang='lat' dir='ltr'><strong>quod</strong></span> <span class='ocrx_word' id='word_1_103' title='bbox 538 1284 580 1343; x_wconf 94' lang='lat' dir='ltr'><strong>ibi</strong></span> <span class='ocrx_word' id='word_1_104' title='bbox 603 1285 633 1342; x_wconf 91' lang='lat' dir='ltr'><strong>in</strong></span> <span class='ocrx_word' id='word_1_105' title='bbox 656 1285 855 1360; x_wconf 80' lang='lat' dir='ltr'><strong>prosperitate</strong></span> <span class='ocrx_word' id='word_1_106' title='bbox 870 1285 953 1344; x_wconf 84' lang='lat' dir='ltr'><strong>videt</strong></span> <span class='ocrx_word' id='word_1_107' title='bbox 974 1289 1004 1345; x_wconf 95' lang='lat' dir='ltr'><strong>et</strong></span> <span class='ocrx_word' id='word_1_108' title='bbox 1020 1288 1182 1346; x_wconf 86' lang='lat' dir='ltr'><strong>secundum</strong></span> 
     </span>
     <span class='ocr_line' id='line_1_14' title="bbox 162 1373 1183 1450; baseline 0.005 -18"><span class='ocrx_word' id='word_1_109' title='bbox 162 1373 244 1450; x_wconf 87' lang='lat' dir='ltr'><strong>qnod</strong></span> <span class='ocrx_word' id='word_1_110' title='bbox 266 1374 297 1431; x_wconf 92' lang='lat' dir='ltr'><strong>in</strong></span> <span class='ocrx_word' id='word_1_111' title='bbox 319 1373 517 1450; x_wconf 63' lang='lat' dir='ltr'><strong>prosperitate</strong></span> <span class='ocrx_word' id='word_1_112' title='bbox 540 1375 701 1450; x_wconf 75' lang='lat' dir='ltr'><strong>cognoscit,</strong></span> <span class='ocrx_word' id='word_1_113' title='bbox 732 1374 776 1432; x_wconf 88' lang='lat' dir='ltr'><strong>ita</strong></span> <span class='ocrx_word' id='word_1_114' title='bbox 802 1392 832 1433; x_wconf 90' lang='lat' dir='ltr'><strong>se</strong></span> <span class='ocrx_word' id='word_1_115' title='bbox 860 1374 896 1432; x_wconf 84' lang='lat' dir='ltr'><strong>ad</strong></span> <span class='ocrx_word' id='word_1_116' title='bbox 924 1374 1058 1434; x_wconf 86' lang='lat' dir='ltr'><strong>homines</strong></span> <span class='ocrx_word' id='word_1_117' title='bbox 1081 1375 1183 1449; x_wconf 89' lang='lat' dir='ltr'><strong>habet;</strong></span> 
     </span>
     <span class='ocr_line' id='line_1_15' title="bbox 163 1463 1180 1535; baseline 0.003 -14"><span class='ocrx_word' id='word_1_118' title='bbox 163 1465 193 1521; x_wconf 93' lang='lat' dir='ltr'><strong>et</strong></span> <span class='ocrx_word' id='word_1_119' title='bbox 215 1465 251 1522; x_wconf 92' lang='lat' dir='ltr'><strong>ut</strong></span> <span class='ocrx_word' id='word_1_120' title='bbox 274 1483 347 1521; x_wconf 87' lang='lat' dir='ltr'><strong>aura</strong></span> <span class='ocrx_word' id='word_1_121' title='bbox 369 1466 513 1535; x_wconf 86' lang='lat' dir='ltr'><strong>mutatur,</strong></span> <span class='ocrx_word' id='word_1_122' title='bbox 543 1463 586 1522; x_wconf 92' lang='lat' dir='ltr'><strong>sic</strong></span> <span class='ocrx_word' id='word_1_123' title='bbox 615 1481 697 1522; x_wconf 87' lang='lat' dir='ltr'><strong>mens</strong></span> <span class='ocrx_word' id='word_1_124' title='bbox 726 1463 789 1521; x_wconf 86' lang='lat' dir='ltr'><strong>aius</strong></span> <span class='ocrx_word' id='word_1_125' title='bbox 824 1466 880 1535; x_wconf 85' lang='lat' dir='ltr'><strong>est3</strong></span> <span class='ocrx_word' id='word_1_126' title='bbox 915 1464 966 1522; x_wconf 88' lang='lat' dir='ltr'><strong>sed</strong></span> <span class='ocrx_word' id='word_1_127' title='bbox 993 1467 1097 1524; x_wconf 69' lang='lat' dir='ltr'><strong>tamem</strong></span> <span class='ocrx_word' id='word_1_128' title='bbox 1129 1467 1180 1524; x_wconf 82' lang='lat' dir='ltr'><strong>ali·</strong></span> 
     </span>
    </p>

    <p class='ocr_par' dir='ltr' id='par_1_6' title="bbox 121 1540 1184 1986">
     <span class='ocr_line' id='line_1_16' title="bbox 121 1540 1182 1631; baseline 0.008 -25"><span class='ocrx_word' id='word_1_129' title='bbox 121 1540 310 1628; x_wconf 63' lang='lat' dir='ltr'><strong>&#39;loquantum</strong></span> <span class='ocrx_word' id='word_1_130' title='bbox 333 1552 445 1628; x_wconf 88' lang='lat' dir='ltr'><strong>probus</strong></span> <span class='ocrx_word' id='word_1_131' title='bbox 468 1555 522 1623; x_wconf 86' lang='lat' dir='ltr'><strong>est,</strong></span> <span class='ocrx_word' id='word_1_132' title='bbox 545 1552 678 1611; x_wconf 86' lang='lat' dir='ltr'><strong>sednon</strong></span> <span class='ocrx_word' id='word_1_133' title='bbox 701 1553 832 1610; x_wconf 88' lang='lat' dir='ltr'><strong>multum</strong></span> <span class='ocrx_word' id='word_1_134' title='bbox 852 1552 987 1612; x_wconf 90' lang='lat' dir='ltr'><strong>amabilis</strong></span> <span class='ocrx_word' id='word_1_135' title='bbox 1003 1554 1182 1631; x_wconf 83' lang='lat' dir='ltr'><strong>bominibus,</strong></span> 
     </span>
     <span class='ocr_line' id='line_1_17' title="bbox 164 1641 1182 1719; baseline 0.003 -20"><span class='ocrx_word' id='word_1_136' title='bbox 164 1642 246 1700; x_wconf 89' lang='lat' dir='ltr'><strong>etin</strong></span> <span class='ocrx_word' id='word_1_137' title='bbox 269 1660 395 1716; x_wconf 88' lang='lat' dir='ltr'><strong>corpore</strong></span> <span class='ocrx_word' id='word_1_138' title='bbox 417 1660 506 1701; x_wconf 89' lang='lat' dir='ltr'><strong>sanus</strong></span> <span class='ocrx_word' id='word_1_139' title='bbox 530 1644 628 1700; x_wconf 90' lang='lat' dir='ltr'><strong>estet</strong></span> <span class='ocrx_word' id='word_1_140' title='bbox 651 1641 704 1699; x_wconf 87' lang='lat' dir='ltr'><strong>diu</strong></span> <span class='ocrx_word' id='word_1_141' title='bbox 726 1641 815 1701; x_wconf 83' lang='lat' dir='ltr'><strong>vivet.</strong></span> <span class='ocrx_word' id='word_1_142' title='bbox 856 1642 887 1701; x_wconf 85' lang='lat' dir='ltr'><strong>Si</strong></span> <span class='ocrx_word' id='word_1_143' title='bbox 910 1662 981 1703; x_wconf 85' lang='lat' dir='ltr'><strong>vero</strong></span> <span class='ocrx_word' id='word_1_144' title='bbox 1004 1644 1117 1702; x_wconf 87' lang='lat' dir='ltr'><strong>femina</strong></span> <span class='ocrx_word' id='word_1_145' title='bbox 1131 1649 1182 1719; x_wconf 83' lang='lat' dir='ltr'><strong>ast,</strong></span> 
     </span>
     <span class='ocr_line' id='line_1_18' title="bbox 163 1730 1184 1798; baseline 0.007 -11"><span class='ocrx_word' id='word_1_146' title='bbox 163 1730 257 1788; x_wconf 89' lang='lat' dir='ltr'><strong>inanis</strong></span> <span class='ocrx_word' id='word_1_147' title='bbox 280 1733 310 1789; x_wconf 92' lang='lat' dir='ltr'><strong>et</strong></span> <span class='ocrx_word' id='word_1_148' title='bbox 332 1749 426 1790; x_wconf 79' lang='lat' dir='ltr'><strong>vacua</strong></span> <span class='ocrx_word' id='word_1_149' title='bbox 447 1731 478 1788; x_wconf 89' lang='lat' dir='ltr'><strong>in</strong></span> <span class='ocrx_word' id='word_1_150' title='bbox 502 1730 635 1789; x_wconf 90' lang='lat' dir='ltr'><strong>moribus</strong></span> <span class='ocrx_word' id='word_1_151' title='bbox 657 1731 719 1789; x_wconf 88' lang='lat' dir='ltr'><strong>suis</strong></span> <span class='ocrx_word' id='word_1_152' title='bbox 742 1734 787 1789; x_wconf 89' lang='lat' dir='ltr'><strong>est</strong></span> <span class='ocrx_word' id='word_1_153' title='bbox 810 1733 840 1789; x_wconf 92' lang='lat' dir='ltr'><strong>et</strong></span> <span class='ocrx_word' id='word_1_154' title='bbox 861 1731 893 1789; x_wconf 88' lang='lat' dir='ltr'><strong>in</strong></span> <span class='ocrx_word' id='word_1_155' title='bbox 915 1732 1026 1791; x_wconf 86' lang='lat' dir='ltr'><strong>eisdem</strong></span> <span class='ocrx_word' id='word_1_156' title='bbox 1048 1734 1184 1798; x_wconf 89' lang='lat' dir='ltr'><strong>moribus</strong></span> 
     </span>
     <span class='ocr_line' id='line_1_19' title="bbox 163 1819 1183 1893; baseline 0.005 -16"><span class='ocrx_word' id='word_1_157' title='bbox 163 1819 224 1878; x_wconf 88' lang='lat' dir='ltr'><strong>suis</strong></span> <span class='ocrx_word' id='word_1_158' title='bbox 239 1819 372 1878; x_wconf 86' lang='lat' dir='ltr'><strong>homines</strong></span> <span class='ocrx_word' id='word_1_159' title='bbox 386 1819 442 1878; x_wconf 90' lang='lat' dir='ltr'><strong>sibi</strong></span> <span class='ocrx_word' id='word_1_160' title='bbox 458 1819 584 1879; x_wconf 78' lang='lat' dir='ltr'><strong>attrahit</strong></span> <span class='ocrx_word' id='word_1_161' title='bbox 599 1822 629 1878; x_wconf 87' lang='lat' dir='ltr'><strong>et</strong></span> <span class='ocrx_word' id='word_1_162' title='bbox 650 1838 709 1878; x_wconf 89' lang='lat' dir='ltr'><strong>non</strong></span> <span class='ocrx_word' id='word_1_163' title='bbox 731 1819 762 1877; x_wconf 91' lang='lat' dir='ltr'><strong>in</strong></span> <span class='ocrx_word' id='word_1_164' title='bbox 784 1820 987 1893; x_wconf 77' lang='lat' dir='ltr'><strong>fornicatione,</strong></span> <span class='ocrx_word' id='word_1_165' title='bbox 1009 1825 1040 1881; x_wconf 89' lang='lat' dir='ltr'><strong>et</strong></span> <span class='ocrx_word' id='word_1_166' title='bbox 1054 1821 1183 1882; x_wconf 87' lang='lat' dir='ltr'><strong>libenter</strong></span> 
     </span>
     <span class='ocr_line' id='line_1_20' title="bbox 162 1908 1183 1986; baseline 0.005 -20"><span class='ocrx_word' id='word_1_167' title='bbox 162 1909 316 1983; x_wconf 82' lang='lat' dir='ltr'><strong>mentitur,</strong></span> <span class='ocrx_word' id='word_1_168' title='bbox 326 1912 357 1967; x_wconf 93' lang='lat' dir='ltr'><strong>et</strong></span> <span class='ocrx_word' id='word_1_169' title='bbox 371 1908 457 1967; x_wconf 87' lang='lat' dir='ltr'><strong>facile</strong></span> <span class='ocrx_word' id='word_1_170' title='bbox 473 1928 577 1986; x_wconf 77' lang='lat' dir='ltr'><strong>graves</strong></span> <span class='ocrx_word' id='word_1_171' title='bbox 592 1908 779 1968; x_wconf 87' lang='lat' dir='ltr'><strong>infirmitates</strong></span> <span class='ocrx_word' id='word_1_172' title='bbox 793 1909 929 1986; x_wconf 86' lang='lat' dir='ltr'><strong>incurrit,</strong></span> <span class='ocrx_word' id='word_1_173' title='bbox 944 1913 981 1969; x_wconf 88' lang='lat' dir='ltr'><strong>ut</strong></span> <span class='ocrx_word' id='word_1_174' title='bbox 995 1911 1183 1972; x_wconf 85' lang='lat' dir='ltr'><strong>infirmitates</strong></span> 
     </span>
    </p>

    <p class='ocr_par' dir='ltr' id='par_1_7' title="bbox 123 1997 1183 2155">
     <span class='ocr_line' id='line_1_21' title="bbox 123 1997 1183 2074; baseline 0.009 -23"><span class='ocrx_word' id='word_1_175' title='bbox 123 2005 152 2051; x_wconf 74' lang='lat'><strong>20</strong></span> <span class='ocrx_word' id='word_1_176' title='bbox 165 1999 235 2056; x_wconf 88' lang='lat' dir='ltr'><strong>sunt</strong></span> <span class='ocrx_word' id='word_1_177' title='bbox 256 1997 465 2056; x_wconf 85' lang='lat' dir='ltr'><strong>freneticorum</strong></span> <span class='ocrx_word' id='word_1_178' title='bbox 488 2001 652 2069; x_wconf 87' lang='lat' dir='ltr'><strong>eteorum,</strong></span> <span class='ocrx_word' id='word_1_179' title='bbox 676 2017 804 2074; x_wconf 88' lang='lat' dir='ltr'><strong>quorum</strong></span> <span class='ocrx_word' id='word_1_180' title='bbox 828 2017 928 2058; x_wconf 87' lang='lat' dir='ltr'><strong>carnes</strong></span> <span class='ocrx_word' id='word_1_181' title='bbox 951 2019 1067 2060; x_wconf 86' lang='lat' dir='ltr'><strong>vermes</strong></span> <span class='ocrx_word' id='word_1_182' title='bbox 1091 2020 1183 2061; x_wconf 78' lang='lat' dir='ltr'><strong>come-</strong></span> 
     </span>
     <span class='ocr_line' id='line_1_22' title="bbox 164 2085 487 2155; baseline 0.012 -10"><span class='ocrx_word' id='word_1_183' title='bbox 164 2086 246 2155; x_wconf 82' lang='lat' dir='ltr'><strong>dunt,</strong></span> <span class='ocrx_word' id='word_1_184' title='bbox 270 2089 300 2145; x_wconf 87' lang='lat' dir='ltr'><strong>et</strong></span> <span class='ocrx_word' id='word_1_185' title='bbox 322 2085 375 2145; x_wconf 87' lang='lat' dir='ltr'><strong>diu</strong></span> <span class='ocrx_word' id='word_1_186' title='bbox 397 2088 487 2149; x_wconf 78' lang='lat' dir='ltr'><strong>vivet.</strong></span> 
     </span>
    </p>

    <p class='ocr_par' dir='ltr' id='par_1_8' title="bbox 162 2175 1183 2418">
     <span class='ocr_line' id='line_1_23' title="bbox 258 2175 1183 2246; baseline 0.002 -10"><span class='ocrx_word' id='word_1_187' title='bbox 258 2176 404 2236; x_wconf 76' lang='lat' dir='ltr'><strong>Vtccstma</strong></span> <span class='ocrx_word' id='word_1_188' title='bbox 434 2177 531 2238; x_wconf 78' lang='lat' dir='ltr'><strong>tertio.</strong></span> <span class='ocrx_word' id='word_1_189' title='bbox 576 2175 634 2246; x_wconf 82' lang='lat' dir='ltr'><strong>Qui</strong></span> <span class='ocrx_word' id='word_1_190' title='bbox 660 2176 692 2234; x_wconf 89' lang='lat' dir='ltr'><strong>in</strong></span> <span class='ocrx_word' id='word_1_191' title='bbox 722 2176 861 2234; x_wconf 87' lang='lat' dir='ltr'><strong>vicesima</strong></span> <span class='ocrx_word' id='word_1_192' title='bbox 891 2178 982 2236; x_wconf 89' lang='lat' dir='ltr'><strong>tertia</strong></span> <span class='ocrx_word' id='word_1_193' title='bbox 1015 2179 1089 2238; x_wconf 89' lang='lat' dir='ltr'><strong>luna</strong></span> <span class='ocrx_word' id='word_1_194' title='bbox 1118 2198 1183 2240; x_wconf 91' lang='lat' dir='ltr'><strong>con·</strong></span> 
     </span>
     <span class='ocr_line' id='line_1_24' title="bbox 163 2263 1182 2342; baseline 0.004 -18"><span class='ocrx_word' id='word_1_195' title='bbox 163 2265 282 2342; x_wconf 89' lang='lat' dir='ltr'><strong>cipitur,</strong></span> <span class='ocrx_word' id='word_1_196' title='bbox 298 2266 324 2325; x_wconf 90' lang='lat' dir='ltr'><strong>si</strong></span> <span class='ocrx_word' id='word_1_197' title='bbox 347 2265 496 2324; x_wconf 89' lang='lat' dir='ltr'><strong>masculus</strong></span> <span class='ocrx_word' id='word_1_198' title='bbox 518 2268 571 2340; x_wconf 92' lang='lat' dir='ltr'><strong>est,</strong></span> <span class='ocrx_word' id='word_1_199' title='bbox 595 2263 756 2324; x_wconf 89' lang='lat' dir='ltr'><strong>benevolus</strong></span> <span class='ocrx_word' id='word_1_200' title='bbox 780 2265 837 2324; x_wconf 89' lang='lat' dir='ltr'><strong>erit</strong></span> <span class='ocrx_word' id='word_1_201' title='bbox 859 2268 889 2324; x_wconf 87' lang='lat' dir='ltr'><strong>et</strong></span> <span class='ocrx_word' id='word_1_202' title='bbox 910 2285 1033 2327; x_wconf 82' lang='lat' dir='ltr'><strong>suavem</strong></span> <span class='ocrx_word' id='word_1_203' title='bbox 1052 2271 1182 2328; x_wconf 88' lang='lat' dir='ltr'><strong>montem</strong></span> 
     </span>
     <span class='ocr_line' id='line_1_25' title="bbox 162 2353 1183 2418; baseline 0.007 -7"><span class='ocrx_word' id='word_1_204' title='bbox 162 2354 283 2414; x_wconf 89' lang='lat' dir='ltr'><strong>habebit</strong></span> <span class='ocrx_word' id='word_1_205' title='bbox 314 2357 344 2413; x_wconf 86' lang='lat' dir='ltr'><strong>et</strong></span> <span class='ocrx_word' id='word_1_206' title='bbox 375 2355 411 2412; x_wconf 86' lang='lat' dir='ltr'><strong>ad</strong></span> <span class='ocrx_word' id='word_1_207' title='bbox 444 2355 555 2412; x_wconf 91' lang='lat' dir='ltr'><strong>bonum</strong></span> <span class='ocrx_word' id='word_1_208' title='bbox 588 2353 744 2413; x_wconf 89' lang='lat' dir='ltr'><strong>consilium</strong></span> <span class='ocrx_word' id='word_1_209' title='bbox 774 2353 900 2413; x_wconf 88' lang='lat' dir='ltr'><strong>libenter</strong></span> <span class='ocrx_word' id='word_1_210' title='bbox 930 2374 961 2415; x_wconf 86' lang='lat' dir='ltr'><strong>so</strong></span> <span class='ocrx_word' id='word_1_211' title='bbox 989 2356 1122 2418; x_wconf 80' lang='lat' dir='ltr'><strong>declinat</strong></span> <span class='ocrx_word' id='word_1_212' title='bbox 1153 2361 1183 2418; x_wconf 84' lang='lat' dir='ltr'><strong>at</strong></span> 
     </span>
    </p>

    <p class='ocr_par' dir='ltr' id='par_1_9' title="bbox 123 2442 1182 2880">
     <span class='ocr_line' id='line_1_26' title="bbox 123 2442 1182 2507; baseline 0.008 -9"><span class='ocrx_word' id='word_1_213' title='bbox 123 2453 151 2498; x_wconf 74' lang='lat'><strong>25</strong></span> <span class='ocrx_word' id='word_1_214' title='bbox 165 2448 266 2503; x_wconf 86' lang='lat' dir='ltr'><strong>contra</strong></span> <span class='ocrx_word' id='word_1_215' title='bbox 288 2444 368 2502; x_wconf 87' lang='lat' dir='ltr'><strong>mala</strong></span> <span class='ocrx_word' id='word_1_216' title='bbox 389 2444 482 2502; x_wconf 87' lang='lat' dir='ltr'><strong>nescit</strong></span> <span class='ocrx_word' id='word_1_217' title='bbox 503 2445 534 2501; x_wconf 88' lang='lat' dir='ltr'><strong>in</strong></span> <span class='ocrx_word' id='word_1_218' title='bbox 558 2443 623 2502; x_wconf 85' lang='lat' dir='ltr'><strong>aliis</strong></span> <span class='ocrx_word' id='word_1_219' title='bbox 643 2444 769 2502; x_wconf 87' lang='lat' dir='ltr'><strong>astutias</strong></span> <span class='ocrx_word' id='word_1_220' title='bbox 792 2442 923 2502; x_wconf 87' lang='lat' dir='ltr'><strong>devitare</strong></span> <span class='ocrx_word' id='word_1_221' title='bbox 945 2447 976 2503; x_wconf 91' lang='lat' dir='ltr'><strong>et</strong></span> <span class='ocrx_word' id='word_1_222' title='bbox 998 2465 1017 2503; x_wconf 87' lang='lat' dir='ltr'><strong>a</strong></span> <span class='ocrx_word' id='word_1_223' title='bbox 1038 2446 1182 2507; x_wconf 84' lang='lat' dir='ltr'><strong>felicitate</strong></span> 
     </span>
     <span class='ocr_line' id='line_1_27' title="bbox 161 2531 1181 2612; baseline 0.004 -21"><span class='ocrx_word' id='word_1_224' title='bbox 161 2551 221 2591; x_wconf 88' lang='lat' dir='ltr'><strong>non</strong></span> <span class='ocrx_word' id='word_1_225' title='bbox 245 2531 352 2608; x_wconf 79' lang='lat' dir='ltr'><strong>delicit,</strong></span> <span class='ocrx_word' id='word_1_226' title='bbox 375 2532 426 2590; x_wconf 86' lang='lat' dir='ltr'><strong>sed</strong></span> <span class='ocrx_word' id='word_1_227' title='bbox 448 2537 547 2591; x_wconf 89' lang='lat' dir='ltr'><strong>tamen</strong></span> <span class='ocrx_word' id='word_1_228' title='bbox 562 2532 736 2591; x_wconf 86' lang='lat' dir='ltr'><strong>felicitatem</strong></span> <span class='ocrx_word' id='word_1_229' title='bbox 751 2532 801 2590; x_wconf 82' lang='lat' dir='ltr'><strong>vix</strong></span> <span class='ocrx_word' id='word_1_230' title='bbox 815 2532 937 2606; x_wconf 85' lang='lat' dir='ltr'><strong>retinet;</strong></span> <span class='ocrx_word' id='word_1_231' title='bbox 961 2535 991 2592; x_wconf 92' lang='lat' dir='ltr'><strong>et</strong></span> <span class='ocrx_word' id='word_1_232' title='bbox 1011 2534 1043 2592; x_wconf 91' lang='lat' dir='ltr'><strong>in</strong></span> <span class='ocrx_word' id='word_1_233' title='bbox 1059 2553 1181 2612; x_wconf 85' lang='lat' dir='ltr'><strong>corporo</strong></span> 
     </span>
     <span class='ocr_line' id='line_1_28' title="bbox 162 2620 1180 2693; baseline 0.004 -14"><span class='ocrx_word' id='word_1_234' title='bbox 162 2622 248 2681; x_wconf 90' lang='lat' dir='ltr'><strong>facile</strong></span> <span class='ocrx_word' id='word_1_235' title='bbox 280 2621 457 2693; x_wconf 87' lang='lat' dir='ltr'><strong>infirmatur,</strong></span> <span class='ocrx_word' id='word_1_236' title='bbox 486 2620 538 2680; x_wconf 84' lang='lat' dir='ltr'><strong>sed</strong></span> <span class='ocrx_word' id='word_1_237' title='bbox 568 2621 627 2680; x_wconf 91' lang='lat' dir='ltr'><strong>cito</strong></span> <span class='ocrx_word' id='word_1_238' title='bbox 660 2621 843 2680; x_wconf 84' lang='lat' dir='ltr'><strong>convalescet</strong></span> <span class='ocrx_word' id='word_1_239' title='bbox 875 2624 906 2681; x_wconf 89' lang='lat' dir='ltr'><strong>et</strong></span> <span class='ocrx_word' id='word_1_240' title='bbox 937 2622 991 2680; x_wconf 89' lang='lat' dir='ltr'><strong>diu</strong></span> <span class='ocrx_word' id='word_1_241' title='bbox 1015 2623 1106 2684; x_wconf 84' lang='lat' dir='ltr'><strong>vivet</strong></span> <span class='ocrx_word' id='word_1_242' title='bbox 1151 2624 1180 2684; x_wconf 86' lang='lat' dir='ltr'><strong>si</strong></span> 
     </span>
     <span class='ocr_line' id='line_1_29' title="bbox 162 2703 1179 2792; baseline 0.006 -24"><span class='ocrx_word' id='word_1_243' title='bbox 162 2713 262 2769; x_wconf 89' lang='lat' dir='ltr'><strong>autem</strong></span> <span class='ocrx_word' id='word_1_244' title='bbox 285 2711 395 2769; x_wconf 88' lang='lat' dir='ltr'><strong>femina</strong></span> <span class='ocrx_word' id='word_1_245' title='bbox 417 2715 475 2782; x_wconf 86' lang='lat' dir='ltr'><strong>est,</strong></span> <span class='ocrx_word' id='word_1_246' title='bbox 498 2709 674 2786; x_wconf 84' lang='lat' dir='ltr'><strong>pudibunda</strong></span> <span class='ocrx_word' id='word_1_247' title='bbox 696 2711 754 2768; x_wconf 84' lang='lat' dir='ltr'><strong>erit</strong></span> <span class='ocrx_word' id='word_1_248' title='bbox 774 2715 805 2769; x_wconf 87' lang='lat' dir='ltr'><strong>et</strong></span> <span class='ocrx_word' id='word_1_249' title='bbox 821 2703 874 2792; x_wconf 88' lang='lat' dir='ltr'><strong>[in]</strong></span> <span class='ocrx_word' id='word_1_250' title='bbox 891 2711 1029 2770; x_wconf 87' lang='lat' dir='ltr'><strong>omnibus</strong></span> <span class='ocrx_word' id='word_1_251' title='bbox 1045 2714 1179 2774; x_wconf 85' lang='lat' dir='ltr'><strong>amabilis</strong></span> 
     </span>
     <span class='ocr_line' id='line_1_30' title="bbox 162 2798 1179 2880; baseline 0.004 -24"><span class='ocrx_word' id='word_1_252' title='bbox 162 2803 286 2880; x_wconf 87' lang='lat' dir='ltr'><strong>proptor</strong></span> <span class='ocrx_word' id='word_1_253' title='bbox 307 2799 462 2875; x_wconf 88' lang='lat' dir='ltr'><strong>pudorem,</strong></span> <span class='ocrx_word' id='word_1_254' title='bbox 487 2819 574 2875; x_wconf 90' lang='lat' dir='ltr'><strong>quem</strong></span> <span class='ocrx_word' id='word_1_255' title='bbox 597 2798 699 2871; x_wconf 89' lang='lat' dir='ltr'><strong>habet;</strong></span> <span class='ocrx_word' id='word_1_256' title='bbox 723 2799 774 2858; x_wconf 86' lang='lat' dir='ltr'><strong>sed</strong></span> <span class='ocrx_word' id='word_1_257' title='bbox 788 2799 820 2857; x_wconf 91' lang='lat' dir='ltr'><strong>in</strong></span> <span class='ocrx_word' id='word_1_258' title='bbox 836 2799 975 2875; x_wconf 88' lang='lat' dir='ltr'><strong>superbia</strong></span> <span class='ocrx_word' id='word_1_259' title='bbox 989 2806 1110 2865; x_wconf 84' lang='lat' dir='ltr'><strong>ratsam</strong></span> <span class='ocrx_word' id='word_1_260' title='bbox 1125 2822 1179 2862; x_wconf 88' lang='lat' dir='ltr'><strong>non</strong></span> 
     </span>
    </p>

    <p class='ocr_par' dir='ltr' id='par_1_10' title="bbox 123 2889 1177 3054">
     <span class='ocr_line' id='line_1_31' title="bbox 123 2889 1177 2965; baseline 0.009 -22"><span class='ocrx_word' id='word_1_261' title='bbox 123 2897 152 2942; x_wconf 75' lang='lat'><strong>³0</strong></span> <span class='ocrx_word' id='word_1_262' title='bbox 165 2891 208 2946; x_wconf 90' lang='lat' dir='ltr'><strong>est</strong></span> <span class='ocrx_word' id='word_1_263' title='bbox 229 2908 282 2947; x_wconf 89' lang='lat' dir='ltr'><strong>nac</strong></span> <span class='ocrx_word' id='word_1_264' title='bbox 305 2891 412 2965; x_wconf 85' lang='lat' dir='ltr'><strong>astuta,</strong></span> <span class='ocrx_word' id='word_1_265' title='bbox 435 2889 487 2948; x_wconf 88' lang='lat' dir='ltr'><strong>sed</strong></span> <span class='ocrx_word' id='word_1_266' title='bbox 509 2892 606 2948; x_wconf 85' lang='lat' dir='ltr'><strong>tomen</strong></span> <span class='ocrx_word' id='word_1_267' title='bbox 623 2889 811 2965; x_wconf 88' lang='lat' dir='ltr'><strong>aliquantum</strong></span> <span class='ocrx_word' id='word_1_268' title='bbox 833 2889 905 2947; x_wconf 85' lang='lat' dir='ltr'><strong>felix</strong></span> <span class='ocrx_word' id='word_1_269' title='bbox 928 2894 958 2949; x_wconf 91' lang='lat' dir='ltr'><strong>et</strong></span> <span class='ocrx_word' id='word_1_270' title='bbox 973 2909 1033 2949; x_wconf 90' lang='lat' dir='ltr'><strong>non</strong></span> <span class='ocrx_word' id='word_1_271' title='bbox 1047 2892 1177 2952; x_wconf 89' lang='lat' dir='ltr'><strong>multum</strong></span> 
     </span>
     <span class='ocr_line' id='line_1_32' title="bbox 163 2976 727 3054; baseline 0.007 -20"><span class='ocrx_word' id='word_1_272' title='bbox 163 2976 279 3035; x_wconf 89' lang='lat' dir='ltr'><strong>infirma</strong></span> <span class='ocrx_word' id='word_1_273' title='bbox 300 2978 332 3036; x_wconf 88' lang='lat' dir='ltr'><strong>iu</strong></span> <span class='ocrx_word' id='word_1_274' title='bbox 356 2997 488 3054; x_wconf 87' lang='lat' dir='ltr'><strong>corpore,</strong></span> <span class='ocrx_word' id='word_1_275' title='bbox 511 2988 540 3037; x_wconf 85' lang='lat' dir='ltr'><strong>et</strong></span> <span class='ocrx_word' id='word_1_276' title='bbox 563 2978 615 3037; x_wconf 87' lang='lat' dir='ltr'><strong>diu</strong></span> <span class='ocrx_word' id='word_1_277' title='bbox 639 2979 727 3039; x_wconf 87' lang='lat' dir='ltr'><strong>vivet</strong></span> 
     </span>
    </p>

    <p class='ocr_par' dir='ltr' id='par_1_11' title="bbox 162 3066 1176 3322">
     <span class='ocr_line' id='line_1_33' title="bbox 257 3066 1176 3144; baseline 0.002 -18"><span class='ocrx_word' id='word_1_278' title='bbox 257 3066 402 3126; x_wconf 70' lang='lat' dir='ltr'><strong>Vicesimus</strong></span> <span class='ocrx_word' id='word_1_279' title='bbox 425 3072 542 3140; x_wconf 78' lang='lat' dir='ltr'><strong>quarto.</strong></span> <span class='ocrx_word' id='word_1_280' title='bbox 589 3067 647 3137; x_wconf 83' lang='lat' dir='ltr'><strong>Qui</strong></span> <span class='ocrx_word' id='word_1_281' title='bbox 669 3067 701 3126; x_wconf 87' lang='lat' dir='ltr'><strong>in</strong></span> <span class='ocrx_word' id='word_1_282' title='bbox 723 3067 863 3127; x_wconf 82' lang='lat' dir='ltr'><strong>vicesima</strong></span> <span class='ocrx_word' id='word_1_283' title='bbox 885 3070 992 3144; x_wconf 88' lang='lat' dir='ltr'><strong>quarta</strong></span> <span class='ocrx_word' id='word_1_284' title='bbox 1020 3070 1094 3130; x_wconf 89' lang='lat' dir='ltr'><strong>luna</strong></span> <span class='ocrx_word' id='word_1_285' title='bbox 1116 3089 1176 3131; x_wconf 92' lang='lat' dir='ltr'><strong>con-</strong></span> 
     </span>
     <span class='ocr_line' id='line_1_34' title="bbox 162 3153 1176 3236; baseline 0.002 -22"><span class='ocrx_word' id='word_1_286' title='bbox 162 3155 281 3232; x_wconf 86' lang='lat' dir='ltr'><strong>cipitur,</strong></span> <span class='ocrx_word' id='word_1_287' title='bbox 304 3157 330 3215; x_wconf 91' lang='lat' dir='ltr'><strong>si</strong></span> <span class='ocrx_word' id='word_1_288' title='bbox 345 3157 494 3215; x_wconf 87' lang='lat' dir='ltr'><strong>masculus</strong></span> <span class='ocrx_word' id='word_1_289' title='bbox 510 3159 562 3230; x_wconf 89' lang='lat' dir='ltr'><strong>est,</strong></span> <span class='ocrx_word' id='word_1_290' title='bbox 586 3153 757 3218; x_wconf 80' lang='lat' dir='ltr'><strong>uucbrctiob</strong></span> <span class='ocrx_word' id='word_1_291' title='bbox 772 3156 830 3215; x_wconf 81' lang='lat' dir='ltr'><strong>crit</strong></span> <span class='ocrx_word' id='word_1_292' title='bbox 844 3160 874 3216; x_wconf 92' lang='lat' dir='ltr'><strong>et</strong></span> <span class='ocrx_word' id='word_1_293' title='bbox 888 3162 1005 3219; x_wconf 81' lang='lat' dir='ltr'><strong>rotsom</strong></span> <span class='ocrx_word' id='word_1_294' title='bbox 1021 3163 1052 3219; x_wconf 84' lang='lat' dir='ltr'><strong>ot</strong></span> <span class='ocrx_word' id='word_1_295' title='bbox 1067 3177 1176 3236; x_wconf 88' lang='lat' dir='ltr'><strong>semper</strong></span> 
     </span>
     <span class='ocr_line' id='line_1_35' title="bbox 162 3244 1175 3322; baseline 0.003 -19"><span class='ocrx_word' id='word_1_296' title='bbox 162 3245 271 3320; x_wconf 89' lang='lat' dir='ltr'><strong>studet,</strong></span> <span class='ocrx_word' id='word_1_297' title='bbox 293 3248 331 3303; x_wconf 91' lang='lat' dir='ltr'><strong>ut</strong></span> <span class='ocrx_word' id='word_1_298' title='bbox 353 3244 433 3320; x_wconf 85' lang='lat' dir='ltr'><strong>apud</strong></span> <span class='ocrx_word' id='word_1_299' title='bbox 455 3264 486 3304; x_wconf 90' lang='lat' dir='ltr'><strong>se</strong></span> <span class='ocrx_word' id='word_1_300' title='bbox 509 3246 604 3304; x_wconf 89' lang='lat' dir='ltr'><strong>solum</strong></span> <span class='ocrx_word' id='word_1_301' title='bbox 628 3246 710 3306; x_wconf 82' lang='lat' dir='ltr'><strong>divas</strong></span> <span class='ocrx_word' id='word_1_302' title='bbox 732 3246 779 3317; x_wconf 84' lang='lat' dir='ltr'><strong>sit,</strong></span> <span class='ocrx_word' id='word_1_303' title='bbox 803 3248 833 3305; x_wconf 87' lang='lat' dir='ltr'><strong>et</strong></span> <span class='ocrx_word' id='word_1_304' title='bbox 854 3265 961 3322; x_wconf 88' lang='lat' dir='ltr'><strong>parcus</strong></span> <span class='ocrx_word' id='word_1_305' title='bbox 980 3250 1013 3307; x_wconf 89' lang='lat' dir='ltr'><strong>et</strong></span> <span class='ocrx_word' id='word_1_306' title='bbox 1026 3248 1090 3308; x_wconf 85' lang='lat' dir='ltr'><strong>fero</strong></span> <span class='ocrx_word' id='word_1_307' title='bbox 1105 3247 1175 3307; x_wconf 89' lang='lat' dir='ltr'><strong>nulli</strong></span> 
     </span>
    </p>

    <p class='ocr_par' dir='ltr' id='par_1_12' title="bbox 123 3330 1224 3591">
     <span class='ocr_line' id='line_1_36' title="bbox 123 3330 1224 3410; baseline 0.009 -23"><span class='ocrx_word' id='word_1_308' title='bbox 123 3341 151 3387; x_wconf 73' lang='lat' dir='ltr'><strong>ss</strong></span> <span class='ocrx_word' id='word_1_309' title='bbox 164 3333 276 3392; x_wconf 92' lang='lat' dir='ltr'><strong>homini</strong></span> <span class='ocrx_word' id='word_1_310' title='bbox 298 3334 427 3410; x_wconf 85' lang='lat' dir='ltr'><strong>prodest,</strong></span> <span class='ocrx_word' id='word_1_311' title='bbox 458 3337 489 3393; x_wconf 90' lang='lat' dir='ltr'><strong>et</strong></span> <span class='ocrx_word' id='word_1_312' title='bbox 516 3334 670 3393; x_wconf 77' lang='lat' dir='ltr'><strong>infirmitas</strong></span> <span class='ocrx_word' id='word_1_313' title='bbox 694 3336 826 3410; x_wconf 86' lang='lat' dir='ltr'><strong>corporis</strong></span> <span class='ocrx_word' id='word_1_314' title='bbox 857 3355 925 3395; x_wconf 89' lang='lat' dir='ltr'><strong>eum</strong></span> <span class='ocrx_word' id='word_1_315' title='bbox 958 3356 1019 3396; x_wconf 89' lang='lat' dir='ltr'><strong>non</strong></span> <span class='ocrx_word' id='word_1_316' title='bbox 1049 3339 1175 3397; x_wconf 87' lang='lat' dir='ltr'><strong>multum</strong></span> <span class='ocrx_word' id='word_1_317' title='bbox 1222 3330 1224 3353; x_wconf 91' lang='lat'>&#39;</span> 
     </span>
     <span class='ocr_line' id='line_1_37' title="bbox 161 3423 1224 3503; baseline 0.006 -24"><span class='ocrx_word' id='word_1_318' title='bbox 161 3423 253 3482; x_wconf 86' lang='lat' dir='ltr'><strong>laedit</strong></span> <span class='ocrx_word' id='word_1_319' title='bbox 282 3427 313 3483; x_wconf 88' lang='lat' dir='ltr'><strong>et</strong></span> <span class='ocrx_word' id='word_1_320' title='bbox 344 3424 416 3482; x_wconf 89' lang='lat' dir='ltr'><strong>satis</strong></span> <span class='ocrx_word' id='word_1_321' title='bbox 449 3424 502 3482; x_wconf 86' lang='lat' dir='ltr'><strong>diu</strong></span> <span class='ocrx_word' id='word_1_322' title='bbox 530 3425 620 3484; x_wconf 83' lang='lat' dir='ltr'><strong>vivet.</strong></span> <span class='ocrx_word' id='word_1_323' title='bbox 675 3423 707 3482; x_wconf 84' lang='lat' dir='ltr'><strong>Si</strong></span> <span class='ocrx_word' id='word_1_324' title='bbox 734 3443 803 3484; x_wconf 88' lang='lat' dir='ltr'><strong>vero</strong></span> <span class='ocrx_word' id='word_1_325' title='bbox 832 3426 941 3484; x_wconf 84' lang='lat' dir='ltr'><strong>femina</strong></span> <span class='ocrx_word' id='word_1_326' title='bbox 968 3429 1021 3498; x_wconf 91' lang='lat' dir='ltr'><strong>est,</strong></span> <span class='ocrx_word' id='word_1_327' title='bbox 1048 3428 1175 3503; x_wconf 86' lang='lat' dir='ltr'><strong>prudens</strong></span> <span class='ocrx_word' id='word_1_328' title='bbox 1222 3466 1224 3471; x_wconf 83' lang='lat'><em>.</em></span> 
     </span>
     <span class='ocr_line' id='line_1_38' title="bbox 159 3512 1174 3591; baseline 0.004 -22"><span class='ocrx_word' id='word_1_329' title='bbox 159 3513 192 3570; x_wconf 83' lang='lat' dir='ltr'><strong>et</strong></span> <span class='ocrx_word' id='word_1_330' title='bbox 210 3512 311 3572; x_wconf 66' lang='lat' dir='ltr'><strong>lecticis</strong></span> <span class='ocrx_word' id='word_1_331' title='bbox 335 3513 393 3573; x_wconf 86' lang='lat' dir='ltr'><strong>erit</strong></span> <span class='ocrx_word' id='word_1_332' title='bbox 416 3515 447 3573; x_wconf 94' lang='lat' dir='ltr'><strong>et</strong></span> <span class='ocrx_word' id='word_1_333' title='bbox 467 3512 638 3572; x_wconf 88' lang='lat' dir='ltr'><strong>hominibus</strong></span> <span class='ocrx_word' id='word_1_334' title='bbox 659 3513 824 3586; x_wconf 77' lang='lat' dir='ltr'><strong>frumcsum</strong></span> <span class='ocrx_word' id='word_1_335' title='bbox 848 3517 977 3591; x_wconf 85' lang='lat' dir='ltr'><strong>apparet,</strong></span> <span class='ocrx_word' id='word_1_336' title='bbox 1006 3515 1058 3575; x_wconf 84' lang='lat' dir='ltr'><strong>sod</strong></span> <span class='ocrx_word' id='word_1_337' title='bbox 1081 3521 1174 3576; x_wconf 87' lang='lat' dir='ltr'><strong>tamen</strong></span> 
     </span>
    </p>
   </div>
   <div class='ocr_carea' id='block_1_3' title="bbox 0 0 1234 3862">
    <p class='ocr_par' dir='ltr' id='par_1_13' title="bbox 0 0 1234 3862">
     <span class='ocr_line' id='line_1_39' title="bbox 0 0 1234 3862; baseline 0 2"><span class='ocrx_word' id='word_1_338' title='bbox 0 0 1234 3862; x_wconf 95' lang='lat' dir='ltr'><strong> </strong></span> 
     </span>
    </p>
   </div>
  </div>
 </body>
</html>
