2460 3862
353 155 495 212 cnusuu
512 155 560 211 ΕΤ
579 155 700 212 could
718 157 786 213 LIB.
806 159 841 212 11.
1062 164 1102 223 85

83 344 221 403 membre
258 343 295 402 ad
335 342 545 402 recreationem
587 359 672 400 suam
711 343 874 419 composita
913 346 991 406 sunt.
1047 341 1105 402 Sed
1209 382 1211 389 ι

84 434 209 493 homine
233 451 319 508 saepe
343 432 503 508 evigilante
526 434 557 490 et
579 448 664 506 saepe
679 430 783 490 deinde
799 433 887 492 citius
904 432 1105 493 obdormiente

83 521 220 582 medulla
254 526 284 581 et
315 521 448 580 membra
480 521 542 580 eius
573 523 657 579 tanto
688 521 809 580 suavius
840 527 871 581 et
900 522 997 580 lenius
1027 520 1105 580 refo-

84 612 244 686 cillantur,
273 611 356 671 velut
378 611 488 681 insane,
518 627 586 668 eum
609 627 695 687 saepe
724 610 806 687 sugit
834 614 864 669 et
891 629 976 687 saepe
1000 628 1104 688 sugere

85 701 219 775 desistit,
262 700 384 765 ,interim
429 698 507 758 vires
543 717 611 758 suas
649 699 687 757 ed
730 699 975 759 refocillationem
1021 718 1104 758 suam
1132 717 1146 761 5

83 790 246 867 recolligit.

156 880 203 938 De
245 879 366 938 animae
408 878 591 939 excitatione.
653 877 826 937 Multotiens
866 878 956 936 etiam
1000 878 1105 949 evenit,

88 967 173 1044 quod
195 967 283 1028 homo
307 966 453 1026 dormiens
476 965 507 1024 in
534 967 626 1025 latere
656 984 708 1024 seu
737 967 768 1025 in
800 967 901 1043 aliqua
932 967 990 1024 alie
1020 968 1105 1042 parte

87 1058 224 1133 eorporis
247 1057 294 1116 sui
317 1056 448 1132 graviter
471 1057 501 1114 et
523 1054 597 1114 dure
618 1056 713 1114 iaceat
734 1073 788 1114 seu
810 1059 846 1115 nt
867 1058 953 1115 tactu
979 1055 1105 1114 alieuius

89 1147 137 1205 rei
160 1149 303 1223 tangetur
326 1146 379 1204 aut
400 1149 436 1204 ut
457 1144 630 1204 infirmitate
653 1144 785 1219 corporis
807 1145 855 1204 sui
877 1146 1027 1222 gravetur.
1064 1144 1105 1202 llt
1119 1157 1146 1203 ιο

88 1236 162 1312 quia
184 1235 272 1294 homo
296 1234 440 1294 sensibilis
462 1237 514 1305 est,
538 1233 635 1292 anima
649 1233 821 1310 gravedines
837 1236 868 1294 et
883 1234 1105 1293 contrarietates

88 1327 163 1384 istes
195 1325 323 1383 sentiens
355 1327 386 1383 et
418 1341 526 1399 corpus
557 1341 645 1382 suum
676 1342 712 1382 ex
742 1323 798 1382 boc
826 1322 975 1382 debilitari
1001 1321 1105 1382 ridens

88 1415 169 1473 vires
197 1431 264 1472 suas
291 1413 440 1490 recolligit
470 1416 499 1471 et
529 1414 663 1488 ventum,
695 1431 784 1489 quem
808 1431 825 1470 a
847 1411 977 1471 medulla
999 1412 1105 1488 emisit,

87 1502 217 1563 retrahit
249 1505 279 1561 et
306 1502 455 1562 hominem
482 1501 523 1560 sie
551 1520 568 1559 a
595 1518 700 1578 sopore
728 1502 859 1560 suscitat.
905 1501 962 1561 Sed
984 1505 1015 1561 et
1037 1520 1106 1560 cum

89 1592 250 1668 aliquando
282 1591 425 1668 strepitus
454 1594 507 1649 aut
533 1591 647 1649 sonitus
670 1595 722 1650 aut
745 1609 803 1650 vox
825 1590 856 1648 in
879 1593 1006 1650 clamore
1028 1591 1106 1650 cirea
1120 1602 1146 1650 15

89 1700 199 1758 corpus
222 1681 394 1740 dormientis
416 1680 459 1751 fit,
482 1681 526 1738 ita
549 1679 629 1755 quod
652 1699 701 1738 aer
724 1679 762 1738 ob
777 1679 834 1739 hoc
848 1680 960 1753 reboat,
984 1699 1034 1739 aer
1056 1680 1108 1739 ille

88 1771 219 1831 exterior
246 1789 352 1845 aerem,
384 1769 437 1846 qui
462 1768 494 1827 in
517 1767 635 1827 homine
664 1772 721 1842 est,
753 1769 935 1846 reverberet,
967 1770 1108 1845 quoniam

90 1866 122 1920 et
145 1860 291 1919 elementa
311 1860 343 1918 in
365 1858 482 1917 homine
504 1861 584 1918 sunt.
630 1857 669 1915 Et
692 1858 789 1916 anima
811 1859 843 1916 in
865 1859 983 1918 homine
1011 1878 1108 1917 aerem

89 1951 208 2008 motum
231 1948 358 2007 sentiens
380 1948 468 2006 illum
490 1947 626 2006 retractis
649 1945 762 2006 viribus
785 1948 847 2007 suis
870 1948 908 2007 ad
922 1947 1108 2025 vigilandum

89 2041 200 2098 movet
230 2037 321 2113 Saepe
337 2056 407 2097 rero
424 2035 528 2111 evenit,
551 2036 633 2111 quod
655 2035 764 2111 aliquis
786 2036 874 2096 homo
890 2039 938 2097 vel
954 2039 1107 2114 repentino
1121 2051 1149 2096 eo

91 2128 222 2204 strepitu
243 2126 292 2186 vel
313 2128 396 2186 tactu
418 2125 466 2185 vel
489 2125 547 2184 alio
571 2124 705 2201 quolibet
727 2127 815 2186 modo
835 2130 954 2202 repente
977 2131 1007 2185 et
1029 2127 1106 2186 diffi-

92 2217 191 2277 culter
213 2216 343 2293 evigilet
372 2214 458 2274 Unde
480 2233 570 2274 venae
593 2217 623 2273 et
645 2216 765 2291 sangnis
787 2217 851 2274 eius
874 2217 905 2274 in
927 2216 1109 2275 contrarium

94 2305 221 2366 modum
243 2305 417 2380 excitentur,
441 2304 485 2363 ita
507 2302 589 2378 quod
610 2304 785 2363 multotiens
809 2304 846 2363 ob
869 2305 970 2364 hocin
986 2322 1108 2379 corpore

95 2396 179 2456 dolet
212 2396 266 2453 aut
289 2394 369 2470 quod
393 2395 510 2453 acutum
533 2392 645 2451 febrem
669 2397 722 2453 aut
744 2394 900 2453 tertianam
927 2393 1040 2452 febrem
1062 2394 1106 2451 in·

93 2485 197 2556 currit,
213 2483 292 2560 ’quia
314 2484 411 2542 anima
433 2483 496 2541 eius
519 2482 551 2539 in
573 2482 637 2558 ipso
656 2483 809 2557 repentina
824 2483 1012 2541 festinatione
1027 2486 1109 2540 mota
1121 2495 1149 2540 25

92 2577 147 2639 est.
191 2571 250 2632 Sed
279 2591 347 2631 cum
373 2571 493 2631 tandem
521 2574 603 2630 rocta
631 2571 834 2630 moderatione
860 2571 948 2630 homo
977 2571 1107 2647 evigilat,

93 2662 211 2723 acutior
232 2662 263 2720 in
285 2661 402 2738 ingenio
426 2663 456 2720 et
478 2660 603 2720 hilarior
624 2660 656 2720 in
677 2660 766 2720 vultu
787 2660 961 2719 multotiens
977 2663 1108 2736 apparet,

93 2751 176 2830 quod
213 2748 286 2810 tunc
324 2751 422 2809 omnia
458 2748 592 2809 membre
626 2750 689 2809 eius
731 2750 937 2826 compaginata
970 2752 1041 2809 sunt
1077 2750 1109 2808 in

92 2859 206 2918 reqme.

162 2931 208 2990 De
229 2929 328 2989 comet
349 2929 510 2990 nimietate.
550 2925 664 3003 Siquis
688 2930 788 2986 autem
810 2928 941 2988 multum
964 2932 994 2987 et
1017 2940 1149 3004 supraeo

91 3020 217 3081 modum
241 3017 357 3094 dormit,
379 3018 508 3078 diversas
531 3022 562 3076 et
583 3017 674 3076 malas
694 3016 790 3076 febres
805 3017 873 3075 inde
887 3017 974 3077 facile
988 3017 1111 3077 habebit

92 3114 184 3186 atque
208 3107 365 3185 caliginem
394 3107 548 3167 oculorum
579 3105 647 3165 inde
674 3106 812 3181 incurrit,
846 3107 918 3183 quia
945 3107 1024 3166 oculi
1047 3108 1110 3166 eius

92 3201 123 3258 in
157 3197 337 3257 dormitione
369 3214 461 3272 supra
496 3194 618 3254 modum
650 3194 703 3253 diu
733 3195 826 3254 eleusi
860 3199 942 3271 sunt,
970 3196 1054 3255 velut
1084 3195 1110 3253 si

93 3286 204 3364 aliquis
226 3285 414 3363 splendorem
440 3285 511 3345 solis
541 3284 595 3343 diu
621 3284 780 3360 inspiceret
807 3287 838 3343 et
863 3285 931 3344 inde
954 3284 1110 3360 caliginem

94 3377 250 3437 oculorum
273 3375 330 3434 sibi
351 3374 512 3434 induceret.
558 3372 590 3432 Si
612 3373 679 3449 quis
695 3377 795 3432 autem
818 3375 966 3433 moderate
990 3373 1108 3449 dormit,
1121 3383 1149 3427 35

94 3466 252 3526 mitatem
266 3464 336 3524 inde
349 3463 479 3524 habebit.
513 3458 573 3533 Qui
593 3481 662 3521 vero
677 3463 807 3522 multum
823 3465 854 3522 et
876 3481 966 3539 supra
987 3462 1114 3521 modum

93 3555 215 3633 vigilet,
245 3553 427 3613 debilitatem
450 3552 582 3629 corporis
603 3551 736 3616 incurrit
765 3557 799 3616 et
824 3553 1027 3633 aliquantum
1047 3550 1136 3610 *iuss
