2460 3862
335 125 478 181 OAUSAE
497 126 544 180 ΕΤ
563 125 684 181 CURAE
702 126 770 181 LIB.
789 127 823 180 Il.
1044 133 1086 192 89

68 329 128 370 non
150 310 269 370 hebent.
303 311 341 369 Et
363 310 388 369 si
411 311 523 369 fluenta
544 310 690 369 menstrui
712 310 856 386 temporis
877 311 971 386 prius,
996 330 1087 387 quam

66 400 184 459 iustum
206 399 257 474 sit,
289 399 384 459 ineis
407 399 596 470 cessaverint,
628 398 714 458 facile
742 399 922 476 paralyticae
945 403 1034 459 erunt
1057 404 1088 460 et

69 489 101 547 in
124 488 302 548 humoribus
325 489 386 546 suis
410 488 561 562 diffluunt,
584 488 627 546 ite
643 488 723 564 quod
739 488 770 545 in
785 489 895 548 eisdem
910 489 1086 550 humoribus

70 578 133 638 suis
156 577 289 636 infirmae
314 580 403 636 erunt
426 580 479 636 aut
502 576 583 653 quod
606 577 637 635 in
659 577 755 637 iecore
778 577 922 637 dolebunt
937 582 991 639 aut
1006 578 1087 656 quod

66 667 158 726 etiam
190 666 277 726 facile
306 666 427 744 nigrum
458 670 609 724 tumorem
631 665 810 744 dragunculi
840 668 998 727 incurrunt
1034 671 1114 726 aut5

69 755 152 831 quod
175 757 269 816 ubera
292 774 395 814 aarum
417 754 453 813 de
477 773 581 814 cancro
604 755 816 832 ingrossentur.

140 845 186 904 De
208 845 410 907 melancolica.
441 842 498 903 Sed
515 844 589 902 aliae
608 845 752 920 quaedem
769 845 894 904 feminae
909 848 987 921 suut,
1011 865 1087 921 quae

66 952 179 993 macres
202 952 301 993 carnes
329 933 439 992 habent
465 937 496 993 et
524 952 640 1010 grossas
671 952 759 993 venas
786 953 820 993 ac
847 934 1000 994 moderata
1023 952 1088 994 ossa

66 1029 98 1081 et
122 1024 298 1100 sanguinem
321 1023 416 1100 magis
438 1022 567 1082 livosum
595 1040 688 1102 quam
714 1023 922 1100 sanguineum,
952 1027 982 1082 et
1010 1043 1086 1099 quae

66 1113 158 1171 etiam
191 1113 296 1172 faeiem
326 1113 412 1171 velut
443 1112 550 1188 glauco
590 1116 620 1170 et
652 1112 739 1189 nigro
775 1112 872 1172 colore
909 1112 1087 1188 permixtam
1101 1123 1128 1169 lc

66 1201 187 1264 habent.
216 1202 256 1261 Et
270 1202 344 1261 istae
360 1201 449 1260 ctiam
472 1205 611 1260 ventosae
633 1204 663 1260 et
685 1220 777 1278 vagae
801 1202 831 1261 in
854 1201 1086 1278 cogitationibus

66 1291 129 1350 suis
152 1293 223 1349 sunt
245 1294 276 1350 et
299 1291 445 1351 taediosae
461 1290 492 1348 in
506 1291 642 1349 molestia
655 1290 844 1367 tabescentes,
867 1295 897 1350 et
912 1295 982 1350 sunt
997 1291 1088 1350 etiam

67 1379 231 1439 diffluentis
261 1383 399 1454 naturae,
430 1380 473 1438 ita
503 1379 584 1456 quod
614 1379 704 1438 etiam
733 1380 884 1439 interdum
913 1381 1087 1440 melancolia

68 1469 245 1546 fatigantur.
272 1474 274 1478 “
302 1468 359 1534 Sed
394 1471 424 1528 et
457 1468 622 1544 plurimum
656 1469 829 1546 sanguinem
866 1469 897 1527 in
935 1473 1086 1530 menstruo

67 1561 203 1635 tempore
226 1558 385 1635 patiuntur
408 1561 438 1616 et
461 1557 576 1617 steriles
604 1560 687 1633 sunt,
719 1559 790 1633 quia
817 1558 943 1617 debilem
971 1561 1001 1617 et
1023 1558 1085 1617 fra·
1100 1569 1128 1614 15

69 1648 161 1725 gilem
185 1648 339 1706 matricem
366 1646 482 1706 habent.
528 1647 613 1706 Unde
644 1665 744 1706 semen
771 1647 828 1706 viri
855 1665 909 1706 nec
935 1648 1086 1725 concipere

67 1756 121 1796 nec
143 1737 271 1796 retinere
294 1754 347 1795 uec
369 1737 527 1795 calefacere
550 1739 683 1812 possunt,
707 1740 737 1796 et
759 1735 826 1796 ideo
843 1736 931 1796 etiam
947 1737 1086 1814 saniores,

69 1826 209 1886 fortiores
237 1830 267 1885 et
293 1825 431 1884 laetiores
458 1828 529 1884 sunt
554 1825 664 1902 absque
692 1825 807 1886 maritis
831 1845 921 1902 quam
944 1845 1011 1886 oum
1035 1828 1085 1902 cis,

67 1916 222 1992 quoniam,
255 1915 280 1974 si
304 1933 372 1974 aum
393 1913 508 1973 maritis
531 1914 651 1985 fuerint,
679 1914 790 1974 debiles
813 1914 984 1979 reddentur.
1028 1916 1087 1975 Sed

68 2005 126 2064 viri
149 2004 185 2063 ab
209 2004 249 2062 eis
273 2004 420 2063 declinant
443 2006 473 2062 et
496 2022 543 2063 eas
567 2004 697 2080 fugiunt,
723 2005 794 2079 quia
815 2004 897 2081 ipsae
918 2005 1000 2065 viros
1015 2006 1086 2065 affa-
1099 2013 1128 2059 20

67 2094 169 2153 biliter
190 2112 249 2152 non
272 2093 477 2170 alloquuntur,
501 2098 532 2152 et
554 2093 694 2169 quoniam
715 2093 795 2152 viros
816 2094 930 2153 modice
946 2094 1085 2172 diligunt.
1168 2126 1180 2153 ,ι

67 2183 106 2242 lut
129 2184 154 2242 si
178 2182 250 2241 istae
273 2181 310 2240 ad
331 2182 435 2242 horam
458 2181 589 2258 aliquam
617 2182 842 2241 delectationem
869 2183 964 2243 carnis
991 2183 1084 2243 habu·

67 2273 152 2346 erint,
176 2272 235 2330 cito
257 2267 355 2330 tamen
384 2272 414 2329 in
438 2270 478 2330 eis
502 2270 608 2333 deficit.
653 2269 711 2329 Sed
738 2272 883 2346 quaedam
910 2292 945 2331 ex
971 2271 1030 2347 his,
1061 2272 1086 2330 si

66 2380 136 2421 cum
158 2361 290 2420 robustis
313 2363 344 2420 et
365 2360 535 2437 sanguineis
558 2359 673 2419 maritis
695 2360 816 2431 fuerint,
840 2365 912 2421 tnnc
926 2361 1084 2437 interdum,

67 2469 136 2511 cum
160 2450 197 2508 ad
219 2450 329 2510 fortem
353 2452 480 2509 aetatem
503 2449 586 2509 velut
609 2449 828 2525 quinquaginta
851 2469 995 2509 annorum
1018 2470 1083 2526 per·
1096 2458 1126 2504 25

66 2540 214 2610 venerint,
247 2539 350 2598 saltem
373 2540 517 2598 infantem
543 2556 638 2597 unum
665 2538 795 2615 pariunt.
840 2537 872 2597 Si
895 2542 994 2597 autem
1017 2558 1086 2599 eum

66 2629 133 2688 aliis
156 2628 272 2687 maritis
295 2628 421 2704 fuerint,
454 2646 583 2705 quorum
609 2630 718 2686 natura
745 2626 850 2687 debilis
873 2631 925 2700 est,
949 2632 1021 2688 tunc
1048 2629 1085 2688 ab

66 2718 127 2777 illis
155 2737 215 2777 non
242 2718 425 2793 concipiunt,
455 2717 505 2776 sed
537 2716 650 2775 steriles
677 2715 902 2791 permanebunt.
947 2716 1034 2787 Quod
1061 2719 1086 2778 si

66 2810 220 2867 menstrua
248 2808 280 2866 in
314 2808 356 2866 eis
386 2805 558 2880 defecerint,
588 2808 747 2881 antequam
779 2805 893 2866 iustum
924 2807 1086 2867 secundum

66 2900 206 2955 naturam
229 2896 407 2955 feminarum
429 2895 532 2966 fuerit,
565 2897 638 2953 tunc
659 2894 817 2971 aliquando
845 2896 1009 2973 podagram
1032 2900 1085 2956 aut
1098 2905 1125 2950 so

66 2986 247 3045 intumentia
276 3004 363 3045 crura
396 2983 549 3044 habebunt
579 2986 633 3042 aut
665 2984 809 3044 insaniam
843 2985 960 3061 capitis,
996 3005 1086 3062 quam

67 3075 242 3135 melancolia
265 3075 381 3151 excitat,
410 3075 569 3144 incurrent,
593 3075 646 3131 aut
670 3073 802 3132 dolorem
825 3073 905 3134 dorsi
928 3077 958 3133 et
981 3094 1086 3134 renum

69 3168 123 3224 aut
146 3164 207 3223 cito
230 3182 352 3239 corpore
380 3164 588 3236 intumescent,
622 3163 761 3239 quoniam
791 3162 873 3222 tabes
901 3167 931 3222 et
960 3162 1085 3221 foeditas

66 3255 131 3329 illa,
162 3272 238 3330 quae
260 3272 314 3329 per
336 3255 490 3313 menstrua
512 3253 543 3311 in
567 3251 741 3327 corporibus
764 3271 866 3311 earum
888 3253 1013 3329 purgari
1035 3250 1084 3310 de·
1125 3313 1127 3317 ,

66 3344 145 3415 buit,
176 3344 208 3400 in
231 3343 273 3402 eis
296 3343 449 3402 obstrusae
473 3344 639 3413 remanent3
667 3343 698 3400 et
724 3341 749 3400 si
772 3341 890 3401 istisin
913 3340 1084 3399 infirmitate
1097 3347 1125 3393 35

66 3451 124 3492 uon
148 3432 346 3504 succurritur,
379 3432 422 3490 ita
450 3430 531 3509 quod
559 3430 595 3489 ab
623 3449 657 3488 ea
679 3449 732 3506 per
755 3430 938 3489 adiutorium
962 3428 1010 3488 dei
1033 3446 1085 3488 seu

66 3541 119 3599 per
141 3521 316 3581 medicinam
337 3514 480 3581 liberatae
502 3538 562 3581 uon
585 3519 711 3597 suerint,
734 3520 801 3604 eito-
818 3519 1004 3580 morientur.
