2438 3854
118 146 180 211 Νι
497 122 742 179 armacenos
1163 40 1166 255 1

116 318 205 387 raude
239 331 327 389 ιιιιιιιιι
356 316 386 369 et
417 310 564 386 quidquid
595 327 694 369 assum
724 309 778 384 sit,
809 309 940 372 devitet.
999 311 1123 388 Reliquas
1164 304 1166 361 i

118 424 212 473 ,ιιιιιιιι
235 419 343 474 earnes,
367 419 444 476 quae
466 400 569 459 molles
590 402 667 470 sunt,
690 403 721 457 et
735 399 870 475 reliquos
885 401 988 475 pisces
1004 401 1122 461 comedat
1164 472 1166 481 Ι

116 522 143 563 ,ιι
175 510 219 553 ιιιιι
251 490 330 567 prisea
360 489 490 563 sorbeat,
520 489 617 565 ipsam
645 492 748 547 autem
778 489 876 563 pisam
908 493 944 548 et
972 491 1079 550 lentem
1101 496 1123 549 et
1164 490 1166 549 !

116 586 212 643 ellum
235 578 354 643 devitet.
389 578 491 638 Sedet
511 597 628 638 omnem
650 578 751 637 cibum
773 577 907 636 calidum
932 599 973 638 ne
996 580 1123 653 comedat,
1164 570 1166 579 ’

93 674 164 735 uel
187 672 382 745 talerperatnm
405 669 538 745 accipiat,
562 668 605 726 ita
625 667 706 744 quod
728 685 782 726 nec
801 666 921 726 calidus
938 688 998 728 nec
1012 670 1124 747 ffigidus

118 858 201 915 uret,
229 847 310 924 qnod
338 847 408 906 haec
436 847 535 906 omnia
561 847 666 905 nociva
694 849 765 905 sunt
786 844 903 904 bomini
928 846 1124 908 infirmitatem

116 946 187 995 tsine
210 936 336 1010 habenti,
359 940 395 994 ut
417 937 508 994 etiam
531 936 566 994 de
590 935 758 994 dissinteria
780 934 897 993 dictum
920 941 980 998 est.
1164 986 1166 1007 ,

191 1026 236 1087 De
269 1027 430 1099 emopmca
458 1026 610 1098 passione
670 1017 694 1098 l)
717 1023 750 1082 Si
778 1023 852 1082 mali
882 1028 913 1082 et
943 1028 1075 1087 concreti
1101 1030 1124 1084 et
1164 1012 1166 1045 ¹

78 1146 101 1175 w
117 1117 249 1177 luteuosi
279 1115 418 1173 humores
445 1116 476 1171 in
505 1114 623 1172 homine
650 1112 986 1190 superhabundaverint
1013 1120 1044 1175 et
1068 1135 1123 1175 eun
1164 1122 1166 1197 j

113 1205 284 1281 uterinam
307 1221 439 1263 excreare
462 1208 493 1262 et
515 1222 633 1262 vomere
655 1222 709 1278 per
725 1203 825 1278 aliqua
845 1206 990 1278 tempora
1005 1206 1123 1274 fecerint,

115 1294 231 1357 iuterim
262 1293 378 1352 nullam
408 1293 584 1352 medicinam
615 1293 666 1351 ille
698 1292 787 1351 homo
815 1291 874 1350 sibi
908 1293 1065 1368 adhibeat,
1095 1312 1123 1352 ne

115 1383 234 1459 sanguis
253 1402 308 1458 per
329 1382 505 1441 medicinam
526 1382 688 1440 exterritus
710 1382 810 1457 ipsum
832 1380 965 1442 interius
989 1386 1124 1444 exulceret

114 1486 143 1537 et
173 1472 240 1549 plns
271 1472 359 1530 solito
391 1472 502 1532 effluat.
547 1471 604 1530 Sed
635 1474 793 1547 postquam
820 1469 900 1529 idem
929 1473 1055 1550 sanguis
1080 1473 1122 1531 bo·

78 1576 103 1619 u
116 1562 223 1621 ιιιιιιιιιιι
245 1561 332 1619 illum
359 1562 547 1637 aliquantum
578 1561 705 1638 fatigare
738 1560 905 1634 cessaverit,
945 1562 1071 1623 salviam
1100 1563 1123 1618 in

116 1651 172 1711 leui
207 1660 236 1709 et
267 1651 352 1711 suavi
383 1651 452 1709 vino
488 1649 602 1709 modice
634 1669 713 1726 aqua
742 1648 835 1707 mixto
868 1656 986 1725 coquat
1021 1651 1123 1711 modico

115 1758 234 1817 ortoque
264 1739 411 1798 boumoleo
445 1741 498 1797 aut
528 1738 638 1815 butyro
672 1738 781 1811 addito,
814 1741 844 1796 et
879 1739 921 1798 sic
962 1744 1046 1800 cocto
1081 1759 1124 1816 per

115 1848 244 1905 partuum
282 1828 359 1887 colet
390 1832 420 1887 et
456 1827 569 1887 modice
602 1831 632 1886 et
664 1848 723 1887 non
761 1827 798 1885 ad
836 1828 1052 1888 sufficientiam
1081 1846 1125 1888 nec

116 1917 232 1977 ieiunus
255 1917 306 1975 sed
329 1936 452 1991 pransus
475 1917 557 1979 libat.
603 1917 702 1975 Salvia
724 1917 802 1975 enim
829 1916 969 1976 interiori
998 1917 1125 1979 foeditati

76 2026 104 2067 'u
117 2006 273 2064 lruuuuum
306 2006 430 2078 resistit,
471 2007 574 2065 vinum
611 2011 711 2065 autem
749 2024 817 2064 cum
849 2008 1003 2067 suavitate
1039 2025 1124 2088 aquae

117 2099 313 2171 teruperatum
336 2095 486 2153 infirmum
509 2096 597 2153 illum
619 2096 769 2154 refocillat
791 2099 821 2152 et
844 2095 1005 2172 confortat,
1035 2098 1122 2156 boum·

116 2185 208 2245 uictam
223 2204 294 2244 vero
311 2188 363 2242 aut
385 2184 529 2260 butyrum
552 2185 639 2243 illum
661 2186 786 2243 interius
810 2187 902 2244 sanat.

178 2275 223 2334 Dc
254 2275 438 2333 emorroides.
489 2273 520 2332 Si
552 2274 624 2332 mali
655 2277 685 2332 et
717 2273 830 2350 aquosi„
853 2277 907 2332 aut
937 2276 1045 2335 tenues
1076 2275 1122 2332 bu·

114 2383 209 2424 mores
232 2363 558 2440 superhabundaverint
579 2364 610 2421 in
634 2362 752 2422 homine
775 2367 805 2421 et
824 2364 1007 2439 sanguinem
1021 2366 1124 2440 absque

75 2469 101 2511 ru
116 2455 263 2528 egestione
294 2454 429 2512 ciborum
460 2471 513 2528 per
544 2451 814 2528 posterioraillius
838 2453 966 2511 transire
990 2455 1122 2524 fecerunt

116 2542 167 2603 ille
200 2543 371 2602 huiusmodi
403 2543 517 2600 fluxum
551 2542 702 2618 sanguinis
736 2542 767 2598 in
802 2559 831 2599 se
863 2542 1046 2620 restringere
1073 2561 1123 2600 non

116 2637 250 2707 quaerat,
295 2632 446 2708 quoniam,
485 2632 510 2690 si
550 2632 635 2690 aliter
668 2630 786 2701 fecerit,
826 2630 905 2688 idem
944 2633 1067 2709 sanguis
1097 2631 1123 2688 in

114 2722 255 2781 maiorem
285 2726 437 2797 stuporem
468 2724 605 2780 vertetur
636 2723 665 2778 et
696 2722 726 2778 in
754 2719 864 2778 maiore
886 2720 1029 2780 effusione
1052 2739 1121 2779 ema·

116 2809 206 2874 uehit.

78 2912 105 2959 ao
185 2900 262 2961 leem
286 2901 321 2958 de
344 2901 501 2974 sanquine.
550 2891 614 2976 ²)Si
644 2898 765 2973 sanguis
796 2898 828 2955 in
849 2897 968 2957 homine
993 2899 1077 2957 malis
1098 2901 1123 2954 et

116 2989 233 3065 equoris
255 2988 432 3047 humoribus
456 2988 600 3046 excitatus
622 3006 676 3063 per
699 2987 864 3062 posteriora
887 2987 951 3046 eius
967 3006 1038 3046 cum
1052 3005 1122 3063 eges·

115 3080 196 3145 boue
226 3078 361 3138 ciborum
394 3078 514 3137 effluere
546 3078 666 3153 ceperit,
696 3075 748 3135 ille
780 3096 848 3135 eum
879 3095 938 3135 non
960 3077 1121 3152 restringat,

120 3166 202 3247 qued
223 3167 432 3245 purgationem
455 3168 482 3225 ei
505 3166 590 3225 affert
612 3171 643 3225 et
666 3167 806 3241 quoniam
830 3166 856 3224 ei
879 3185 933 3242 pro
949 3167 1121 3244 purgatione

211 3255 269 3319 sed
291 3257 317 3316 si
340 3275 431 3332 supra
454 3256 575 3315 modum
598 3255 676 3314 idem
704 3274 772 3313 eum
800 3257 950 3330 egestione
979 3275 1033 3332 per
1061 3272 1122 3313 eum

114 772 158 819 ιιι.
206 760 302 818 Suare
326 777 446 834 quoque
468 758 574 816 vinnm
596 756 691 831 bibat,
723 757 774 815 sed
802 775 916 832 aquam
946 758 1068 818 interim
1088 759 1123 817 de·
1145 794 1166 979 ἦ

197 3454 220 3547 ¹)
240 3488 265 3528 v.
281 3469 372 3529 9-22
388 3496 420 3517 .--
436 3467 538 3542 Migne
549 3462 774 3522 rislo-mss
790 3461 821 3510 ι.
833 3488 867 3495 -
878 3458 1131 3522 *nese-ensal

163 3542 251 3625 ligne
372 3547 405 3606 ll.
