2460 3862
127 156 167 214 28
512 147 760 205 HILDEGARDIS

125 333 265 406 voluerit,
288 334 367 409 ipses
382 334 514 410 primum
530 337 638 411 coquat
653 336 684 392 et
697 332 873 410 refrigerari
888 333 1046 408 permittat
1060 336 1091 392 et
1106 334 1150 394 sic

125 423 222 496 bibat;
246 425 331 499 penis
354 426 454 483 autem
477 425 507 482 et
529 421 612 483 cibus
635 424 725 499 atque
742 423 893 498 cerevisia,
916 441 991 498 quae
1014 440 1082 481 cum
1106 423 1150 483 eis

127 515 306 589 coquuntur,
329 511 516 587 aliquantum
539 512 618 572 sumi
640 514 777 587 possunt,
801 511 872 588 quia
887 511 955 588 igne
970 515 1149 589 purgantur.

125 601 213 661 Putei
237 605 335 661 autem
364 606 394 661 et
420 602 557 661 salientes
580 601 685 677 fontes,
714 601 767 676 qui
797 601 833 659 de
855 599 1015 675 paludibus
1037 601 1147 678 fluunt,

85 703 100 748 5
128 689 315 766 aliquantum
346 691 483 751 meliores
514 690 579 750 aliis
610 691 695 766 aquis
722 689 869 764 paludum
891 692 970 766 sunt,
1003 690 1148 766 quemad-

127 781 250 840 modum
273 779 309 839 de
332 779 511 856 quibusdam
537 779 699 838 immundis
729 779 818 838 rebus
845 780 957 839 munda
979 779 1064 843 fiunt.
1109 780 1150 838 st

127 868 160 927 hi
182 869 369 945 aliquantum
391 871 455 946 pati
478 871 610 944 possunt,
643 868 694 927 sed
721 869 821 927 tamen
841 887 901 928 non
923 869 1054 928 multum
1077 866 1148 928 boni

127 977 181 1017 nec
203 959 335 1017 multum
357 959 447 1017 utiles
472 960 550 1021 sunt.
595 957 653 1016 Sed
675 976 775 1016 omnes
799 977 901 1034 aquae,
924 977 1001 1034 quae
1022 957 1055 1015 in
1077 961 1149 1017 ortu

128 1065 182 1107 sno
199 1047 326 1107 orientes
341 1048 462 1106 nocivae
477 1050 555 1124 sunt,
570 1049 680 1123 quanto
696 1046 814 1123 longius
830 1047 867 1105 ab
883 1049 955 1106 ortu
970 1065 1023 1106 suo
1038 1046 1147 1122 fluunt,

87 1145 114 1190 10
126 1138 209 1196 tanto
233 1137 363 1196 saniores
378 1137 462 1208 fiunt,
486 1136 557 1212 quia
572 1137 668 1195 multo
685 1138 716 1195 et
730 1135 819 1213 longo
841 1154 931 1195 cursu
946 1155 988 1212 oa,
1012 1154 1089 1211 qnae
1112 1135 1145 1195 in

128 1244 158 1285 se
190 1226 295 1286 nociva
329 1229 359 1284 et
389 1244 533 1285 venenosa
557 1229 635 1301 sunt,
665 1225 797 1300 perdunt
824 1227 854 1284 et
877 1226 913 1284 ab
937 1225 979 1284 eis
1001 1224 1092 1302 longo
1116 1228 1147 1284 et

128 1314 272 1374 diuturno
295 1318 397 1374 meatu
425 1317 598 1374 excreantur
629 1316 658 1373 et
685 1313 891 1390 purificantur.
936 1313 1025 1390 Aqua
1047 1315 1149 1373 autem

127 1407 296 1479 puteorum,
330 1405 382 1480 qui
404 1404 435 1462 in
457 1407 568 1463 terram
591 1404 682 1463 altius
707 1403 780 1462 fossi
807 1407 886 1478 sunt,
917 1403 961 1462 ita
983 1403 1065 1479 quod
1086 1407 1148 1463 stat

128 1496 157 1552 et
179 1498 312 1553 meatum
336 1493 475 1552 effluendi
503 1493 684 1565 nonhabet,
716 1492 822 1552 melior
849 1496 880 1552 et
901 1493 1088 1552 suavior·est
1110 1493 1148 1550 ad

86 1589 113 1635 15
128 1583 236 1659 cibum,
259 1582 297 1641 ad
320 1585 426 1659 potum
450 1585 539 1658 atque
563 1583 601 1642 ad
623 1582 754 1657 reliquos
779 1600 852 1641 usus
877 1582 1031 1640 hominum
1055 1600 1147 1657 quam

126 1690 202 1746 aqua
225 1672 396 1732 salientium
419 1672 562 1747 fontium,
586 1672 638 1747 qui
661 1671 796 1732 effluunt.
841 1671 882 1730 Et
908 1675 953 1730 est
985 1673 1021 1728 ut
1055 1689 1146 1730 suave

125 1765 314 1837 unguentum
335 1761 373 1820 ad
396 1761 648 1836 comparationem
669 1760 800 1820 salientis
820 1764 851 1819 et
875 1760 1024 1819 effluentis
1047 1761 1147 1835 fontis,

126 1850 274 1927 quoniam,
305 1850 377 1909 dum
407 1869 466 1909 non
497 1850 606 1922 effluit,
637 1849 754 1924 saepius
784 1849 869 1909 suavi
896 1849 1040 1924 temperie
1067 1849 1147 1908 aeris

125 1943 319 2015 temperatur.
363 1939 451 2014 Aqua
474 1939 551 1997 enim
575 1938 745 1997 salientium
768 1938 897 1997 fontium
920 1957 1024 2012 aspera
1046 1941 1096 1997 est
1118 1942 1149 1997 et

86 2036 114 2081 20
127 2029 286 2104 asperitate
308 2046 362 2087 sua
385 2028 456 2087 cibis
479 2028 601 2100 resistit,
630 2027 674 2086 ita
697 2027 777 2102 quod
803 2045 857 2103 per
879 2027 981 2104 ignem
1002 2027 1053 2087 vix
1074 2027 1146 2087 mol·

125 2117 176 2175 liri
208 2120 335 2192 possunt
366 2136 419 2177 nec
448 2117 534 2176 facile
568 2116 663 2193 coqui.
709 2117 750 2175 Et
779 2116 849 2192 quia
883 2120 1011 2194 purgata
1041 2118 1086 2175 est
1116 2120 1148 2175 et

125 2225 210 2282 pura,
242 2224 350 2282 paucas
386 2225 506 2282 spumas
534 2204 631 2281 habet,
667 2208 697 2264 et
730 2204 796 2264 ideo
824 2205 914 2264 etiam
940 2209 1024 2265 tanto
1047 2205 1146 2264 minus

126 2295 207 2355 cibos
230 2301 343 2374 purgat
366 2297 502 2360 etitanto
518 2296 616 2354 minus
631 2294 689 2354 cibi
711 2313 765 2370 per
788 2298 1044 2372 compungantur,
1067 2295 1147 2354 sicut

125 2405 179 2460 per
196 2385 268 2444 alias
292 2403 383 2460 aquas
399 2385 457 2444 cibi
473 2385 568 2444 solent
582 2383 715 2461 purgari,
740 2383 792 2459 qui
808 2384 897 2443 etiam
912 2403 966 2460 per
981 2383 1145 2444 coctionem

85 2482 112 2528 25
126 2476 285 2534 earundem
314 2493 462 2550 aquarum
484 2477 662 2551 purgantur.
707 2472 781 2531 Nam
805 2492 891 2549 aqua,
919 2492 994 2549 quae
1018 2473 1053 2531 ‹le
1076 2473 1144 2531 sali-

126 2565 243 2624 entibus
265 2565 401 2624 fontibus
424 2564 499 2638 fluit,
522 2562 664 2640 gracilior
687 2564 717 2620 et
738 2562 842 2637 purior
866 2564 911 2621 est
933 2561 1019 2638 aquis
1042 2562 1142 2622 flumi-

125 2673 205 2726 num,
229 2654 311 2729 quod
335 2659 388 2713 aut
410 2655 490 2712 terra
512 2655 565 2711 aut
588 2671 677 2710 arena
700 2655 753 2710 aut
767 2650 925 2727 lapidibus,
948 2651 1000 2710 ubi
1022 2651 1092 2709 salit
1114 2653 1144 2710 et

103 2743 229 2817 effluit,
262 2745 412 2819 purgatur
443 2745 474 2802 et
504 2761 581 2818 pura
612 2741 654 2803 fit.
704 2739 744 2799 Et
775 2741 812 2799 ad
840 2740 1002 2800 bibendum
1029 2739 1144 2798 homini

131 2831 260 2907 prodest,
293 2832 364 2907 quia
397 2831 556 2890 emundata
579 2833 631 2903 est,
662 2833 693 2888 et
721 2828 810 2888 etiam
833 2848 938 2906 aspera
965 2831 1012 2890 est
1036 2848 1070 2888 ac
1093 2829 1145 2887 ali·

84 2923 274 2995 acquantum
296 2920 365 2981 vino
388 2920 583 2980 associatam
605 2918 720 2980 viribus
742 2918 811 2994 suis,
838 2918 889 2978 sed
912 2918 977 2978 cibo
1001 2917 1084 2978 obest
1106 2918 1144 2977 ad

130 3009 343 3068 comedendum
377 3014 407 3069 et
438 3009 530 3069 oculis
558 3009 596 3068 ad
624 3007 783 3068 lavandum
813 3027 868 3083 pro
900 3008 1058 3083 asperitate
1080 3025 1143 3068 sua.

124 3098 230 3174 Aquae
253 3102 353 3158 autem
377 3099 547 3176 fluminum,
571 3118 646 3175 quae
665 3101 881 3174 superterram
896 3097 1003 3172 fluunt,
1023 3095 1142 3172 spissae,

125 3188 196 3263 quia
218 3188 279 3248 sole
307 3192 337 3248 et
365 3209 431 3249 aere
453 3189 683 3266 perfunduntur,
713 3191 744 3248 et
771 3187 960 3263 aliquantum
987 3204 1142 3261 spumosae

124 3282 195 3337 sunt
218 3282 248 3337 et
270 3297 330 3338 non
352 3298 438 3338 sanae
462 3279 500 3338 ad
524 3277 693 3352 bibendum,
718 3277 858 3354 quoniam
883 3275 999 3336 diversa
1014 3274 1142 3352 qualitas

83 3373 111 3418 8⁵
125 3368 201 3426 aeris
223 3370 254 3428 et
277 3368 488 3450 elementorum
503 3368 545 3428 eis
561 3367 776 3444 commiscetur,
799 3370 829 3427 et
852 3366 925 3442 quia
940 3366 1029 3424 etiam
1045 3366 1139 3440 fumo,

124 3456 156 3515 id
184 3460 229 3516 est
256 3458 370 3530 doumc,
406 3477 440 3518 ac
469 3458 591 3533 nebulis,
625 3475 700 3534 quae
733 3456 769 3516 de
801 3455 981 3531 quibusdam
1015 3453 1141 3513 infirmis

114 3546 277 3605 montibus
299 3547 490 3626 descendunt,
514 3547 696 3623 inficiuntur,
724 3548 753 3605 et
775 3546 865 3604 etiam
888 3545 1040 3606 interdum
1063 3562 1139 3619 aere,
