2460 3862
171 159 232 218 150
304 151 307 157 ’
555 150 801 207 HILDEGARDIS

169 338 249 412 edat,
279 339 315 394 ut
342 355 391 394 eos
420 354 516 412 usque
546 335 584 394 od
607 335 714 394 bonam
737 338 767 394 et
789 338 900 394 rectam
923 335 1120 411 digestionem
1143 355 1182 394 re·

172 427 267 485 tinere
289 427 389 502 possit.

235 517 281 575 De
303 515 434 573 bominis
455 516 603 573 ariditate.
641 512 674 572 Si
696 507 806 589 aliquis
828 512 916 572 homo
932 514 1065 572 multum
1081 514 1180 573 aridus

167 606 198 662 in
230 623 352 680 eorpore
380 608 410 662 et
439 604 470 662 in
493 602 633 661 membris
656 603 717 661 suis
740 606 796 678 est,
827 605 899 661 tuno
921 602 1036 662 modice
1059 605 1181 680 pingues
1224 622 1226 651 ε

142 705 270 753 toarnes
304 697 335 752 et
361 693 474 752 modice
508 693 711 769 impinguatos
745 692 889 768 sanguino
923 690 1004 751 oibos
1034 693 1182 752 interdum
1224 704 1226 745 !

168 783 307 857 comedat,
332 787 367 841 ut
390 782 511 841 ariditas
527 784 556 840 et
571 782 695 857 siccitate,
719 801 796 856 quae
818 782 849 839 in
864 781 929 856 ipso
945 784 1023 858 sunt,
1048 783 1178 858 aliquan·
1222 776 1226 833 ’ἰ

149 876 233 931 ¹tum
256 873 464 930 humectentur
488 874 518 929 et
540 873 750 947 temperentur.
792 868 869 928 Nam
888 889 989 929 earnes
1012 872 1181 930 animalium
1224 926 1226 935 ,

167 965 312 1021 comestae
335 980 451 1020 earnem
474 959 602 1018 hominis
624 960 815 1036 impinguant
838 962 868 1018 et
887 959 991 1018 vinum
1011 961 1179 1038 sanguinem

166 1051 294 1109 hominis
310 1052 482 1126 augmentat
493 1050 588 1126 magis
605 1069 695 1125 quam
715 1049 766 1106 alii
782 1048 840 1107 eibi
857 1052 910 1107 aut
922 1069 1014 1124 quam
1025 1050 1078 1108 alii
1089 1054 1182 1126 potus.
1224 1092 1226 1097 .

127 1152 155 1198 10
234 1141 281 1200 De
303 1141 383 1199 vino.
429 1139 520 1197 Terra
543 1141 651 1213 autom,
676 1138 805 1214 quaein
827 1138 975 1196 lumento
998 1137 1109 1198 fertilis
1132 1142 1180 1209 est,
1224 1144 1226 1149 ’

169 1229 194 1288 si
217 1228 322 1288 vinum
346 1229 453 1304 gignit,
476 1227 532 1286 hoe
548 1227 672 1286 infirmis
688 1226 857 1285 hominibus
872 1226 1092 1287 adhibendum
1107 1247 1183 1287 sana·

168 1318 258 1376 bilius
281 1321 326 1377 est
349 1337 439 1393 quam
460 1317 573 1392 vinum,
598 1317 679 1396 quod
704 1317 734 1375 in
758 1316 914 1375 fructifera
938 1319 1021 1374 terre
1045 1318 1182 1391 nascitur,

168 1407 280 1465 sufficet
303 1426 379 1483 quae
402 1406 552 1466 modicum
575 1405 717 1464 frumenti
741 1405 847 1482 gignit,
872 1405 961 1462 etiam
983 1407 1009 1464 si
1024 1406 1110 1464 istud
1124 1425 1183 1483 pre·

168 1497 275 1555 tiosius
299 1497 352 1554 illo
376 1499 428 1556 ost.
474 1494 584 1552 Vinum
608 1495 687 1552 euim
709 1497 793 1552 sanat
816 1497 846 1553 et
872 1494 1014 1553 laetificat
1037 1494 1183 1554 hominem

130 1597 158 1643 15
171 1585 248 1645 bono
272 1585 369 1644 oalore
392 1587 422 1644 et
444 1603 552 1660 magna
574 1584 688 1642 virtute
710 1602 773 1646 sua.
807 1586 811 1591 ’

233 1675 278 1733 De
300 1676 450 1734 cerevisia.
495 1673 641 1732 (lerevisia
672 1676 772 1731 autem
803 1690 904 1732 oannes
925 1671 1057 1731 hominis
1079 1674 1182 1732 inoras·

167 1767 212 1822 sat
235 1766 265 1821 et
287 1761 446 1838 pulchrum
469 1763 598 1821 colorem
620 1761 707 1820 faciei
730 1762 793 1820 eius
815 1766 948 1838 praestat
963 1765 1090 1838 propter
1104 1763 1183 1823 forti·

165 1852 302 1910 tudinem
325 1855 354 1910 et
376 1852 487 1911 bonum
510 1870 632 1911 suoeum
654 1851 806 1911 frumenti.
845 1852 933 1926 Aqua
948 1869 1019 1910 vero
1035 1851 1184 1910 hominem

168 1941 304 1999 debilitat
326 1944 356 1999 et
378 1942 502 2000 livorem
525 1941 603 1999 eirea
624 1941 796 2016 pulmonem
818 1941 897 2011 eiua,
927 1940 952 1998 si
974 1939 1112 2000 infirmus
1135 1944 1184 2014 est,

34 2113 36 2117 7
126 2041 155 2086 20
168 2031 328 2106 aliquando
351 2033 449 2106 paret,
481 2030 620 2106 quoniam
644 2047 725 2105 aqua
747 2028 851 2088 debilis
874 2032 919 2087 est
941 2031 971 2086 et
993 2028 1106 2088 fortem
1128 2031 1184 2088 vir·

166 2123 264 2178 tutem
287 2119 465 2178 nonhabet.
510 2118 568 2177 Sed
590 2119 615 2177 si
637 2117 726 2177 homo
750 2136 838 2176 sanus
861 2122 919 2190 est,
948 2118 973 2176 si
1002 2119 1076 2177 tune
1099 2120 1184 2178 inter·

168 2210 240 2267 dum
262 2227 371 2284 aquam
394 2209 479 2283 bibit,
503 2208 530 2266 ei
553 2226 611 2265 non
635 2207 741 2266 oberit.

234 2298 282 2357 De
298 2299 441 2357 ebrietate.
480 2295 556 2355 Cum
579 2300 680 2355 autem
702 2296 790 2355 homo
814 2315 904 2373 supra
926 2295 1050 2355 modum
1074 2299 1105 2354 et
1125 2298 1184 2355 sine

165 2406 303 2445 mensura
324 2388 428 2446 vinum
451 2387 499 2446 vel
522 2386 615 2443 elium
637 2386 793 2461 liquorem,
816 2385 895 2444 unde
917 2383 1061 2443 inebriari
1076 2389 1183 2460 potest,

126 2487 154 2533 25
167 2476 251 2551 bibit,
274 2479 358 2535 totus
382 2476 503 2552 sanguis
526 2475 590 2533 eius
612 2474 729 2550 liquefit
752 2478 843 2551 atque
865 2475 896 2532 in
919 2474 1002 2532 vonis
1017 2474 1116 2550 ipsius
1132 2474 1184 2533 hae

168 2570 198 2624 et
219 2566 288 2624 illae
310 2565 476 2624 inordinate
492 2564 633 2623 discurrit
655 2567 685 2622 et
708 2563 893 2635 diffunditur,
925 2563 968 2620 ita
991 2564 1073 2639 quod
1096 2564 1184 2622 etiam

166 2658 250 2712 totus
272 2655 441 2714 intellectus
464 2657 494 2713 et
517 2671 619 2711 sensus
634 2653 761 2712 hominis
776 2653 859 2711 illius
875 2652 1076 2728 confunditur,
1100 2654 1183 2712 velut

167 2744 289 2801 fiumina
320 2743 356 2801 de
387 2744 478 2802 nimia
508 2742 700 2801 inundatione
730 2741 873 2800 imbrium
896 2741 1025 2800 effluunt
1048 2745 1079 2801 et
1102 2761 1184 2819 prae

169 2832 327 2906 oipitanter
350 2833 505 2895 inundant.
549 2832 588 2890 Et
612 2832 684 2907 quia
706 2831 737 2888 in
760 2831 878 2889 homine
901 2831 954 2890 illo
976 2828 1129 2891 humanus
1144 2832 1184 2890 in-

127 2932 154 2977 30
167 2921 303 2980 tellectus
326 2921 387 2980 sine
410 2940 548 2979 mensura
564 2921 703 2979 confusus
719 2924 771 2996 est,
794 2921 870 2979 bona
893 2919 1015 2979 seientia
1037 2920 1070 2978 in
1094 2940 1130 2980 eo
1146 2921 1182 2978 ad

167 3009 243 3067 bona
265 3011 370 3085 tendit,
393 3011 437 3069 ita
460 3011 541 3086 qnod
564 3009 652 3069 homo
675 3013 749 3068 tuno
770 3009 944 3068 multotiens
973 3009 1061 3084 quasi
1082 3013 1183 3068 saneta

166 3098 256 3157 verba
278 3100 444 3158 inordinate
468 3104 498 3158 et
520 3098 678 3157 indiscrete
701 3118 754 3174 per
776 3098 977 3175 ignorantiam
999 3098 1140 3174 loquitur
1154 3101 1183 3158 et

167 3189 249 3264 quod
272 3190 362 3247 etiam
385 3189 463 3246 mala
484 3189 606 3247 seientia
629 3189 660 3246 in
684 3207 718 3246 eo
741 3188 778 3245 ed
801 3188 880 3246 mala
901 3185 1011 3262 tendit,
1035 3188 1079 3247 ita
1103 3187 1182 3264 quod

167 3278 256 3336 etiam
279 3278 380 3353 turpia
403 3281 434 3337 et
455 3277 533 3335 mala
556 3276 646 3337 verba
670 3277 780 3353 absque
797 3276 911 3351 pudore
926 3276 1102 3352 ignoranter
1116 3296 1182 3353 pro·

125 3376 153 3421 35
166 3367 238 3443 fert,
267 3369 338 3444 quia
361 3368 454 3444 magis
477 3367 613 3425 insanum
636 3370 667 3425 et
693 3367 873 3425 indomitum
900 3364 1087 3426 intellectum
1115 3366 1182 3425 hino

165 3456 253 3516 habet
276 3476 366 3532 quam
388 3460 504 3515 reotum
526 3473 652 3532 sensum,
681 3456 822 3532 quoniam
845 3455 1030 3515 rationalitas
1053 3458 1128 3516 tune
1150 3456 1180 3514 in

157 3563 193 3604 eo
215 3545 367 3606 suffocata
390 3548 422 3608 et
444 3545 600 3608 submersa
622 3548 677 3608 eat.
