2460 3862
354 123 499 178 chusan
517 125 564 178 ΕΤ
583 123 704 178 CURAE
723 123 789 178 LIB.
808 124 842 177 11.
1042 128 1104 188 135

86 308 121 366 in
145 325 179 367 eo
202 310 362 368 moventur
384 311 414 366 et
436 308 590 384 liquefacti
617 327 671 382 per
698 308 909 385 purgationem
933 307 968 366 de
983 307 1105 367 naribus

84 397 229 472 effluunt,
263 397 341 456 sicut
367 397 457 455 etiam
484 416 595 456 novum
623 398 726 456 vinum
754 398 784 455 in
807 415 859 455 ras
881 397 984 455 fusum
1007 396 1106 456 sordes

84 490 117 545 et
140 486 233 545 faeces
249 505 279 544 se
293 477 449 564 purgando
465 487 543 545 eicit.
575 486 660 556 Quod
685 487 710 545 si
732 487 799 563 quis
822 485 911 545 homo
934 484 1106 545 huiusmodi

84 576 298 652 purgationem
320 577 422 652 aliquo
450 575 537 635 modo
565 577 596 633 111
625 595 654 635 11
681 576 824 634 retineret
850 593 903 634 seu
925 575 1105 649 prohiberet,

83 685 123 724 ne
148 665 295 738 efflueret,
326 665 370 724 ita
400 683 429 724 se
460 664 596 739 laederet,
623 666 708 725 velut
735 666 759 723 si
782 664 977 740 digestionem
1005 665 1053 724 vel
1081 664 1134 723 sis

83 754 208 812 urinam
229 755 260 814 in
283 773 313 813 se
336 754 507 827 contineret,
531 773 567 812 ne
587 757 720 829 tempore
741 773 794 812 suo
811 754 1011 828 procederent.
1049 753 1106 812 Sed

86 845 113 902 si
137 844 190 901 alii
212 844 350 902 humores
372 844 416 902 ita
439 844 587 918 superflue
610 843 670 902 illis
698 843 853 917 accedunt,
885 842 966 917 quod
994 861 1029 900 ex
1051 843 1107 902 hoc

84 933 198 992 nimius
221 932 307 992 dolor
329 933 460 1008 corporis
484 933 632 1007 excrescit,
654 936 727 991 tune
749 932 924 990 medicinam
946 930 1048 1006 faciat,
1071 935 1107 990 ut

83 1024 171 1081 tauto
194 1023 314 1082 suavius
337 1023 467 1082 effluant.

154 1111 200 1171 De
210 1113 390 1184 potionibus
432 1111 571 1170 Poliones
595 1113 702 1185 autem,
726 1129 800 1185 quae
823 1110 1005 1169 stomachum
1029 1117 1148 1183 pur-10

84 1203 168 1277 gant,
193 1219 252 1259 non
273 1202 399 1275 prosunt
421 1200 480 1258 illis
513 1199 691 1274 hominibus,
723 1200 775 1275 qui
805 1200 890 1258 valde
920 1198 1107 1257 infirmantur

84 1295 115 1347 et
139 1290 192 1364 qui
215 1290 271 1348 hoc
293 1289 381 1348 modo
398 1290 521 1348 contriti
536 1291 614 1364 sunt,
631 1288 711 1365 quod
728 1307 842 1364 semper
857 1308 874 1346 a
888 1288 1018 1363 paralysi
1039 1288 1106 1345 fati·

84 1381 213 1455 gantur3
244 1397 298 1437 nec
330 1379 419 1438 etiam
451 1379 510 1437 illis
541 1381 675 1454 prosunt,
707 1379 760 1453 qui
792 1377 962 1436 huiusmodi
984 1376 1107 1436 mobiles

82 1468 225 1526 humores
247 1468 278 1525 in
300 1486 331 1526 se
353 1467 470 1535 hahent,
494 1468 547 1543 qui
570 1468 732 1526 secundum
758 1467 980 1525 inundationem
1007 1466 1104 1524 flumi-

84 1576 160 1615 num
183 1556 238 1615 hac
260 1561 290 1615 et
311 1558 380 1615 illac
403 1556 465 1615 sine
487 1557 550 1614 ulla
572 1556 733 1615 stabilitate
756 1557 787 1613 iu
810 1557 849 1614 eis
866 1555 980 1614 assidue
997 1555 1103 1613 111111111-
1120 1563 1146 1608 15

86 1647 210 1716 duntur,
234 1648 304 1722 quia
320 1647 446 1721 sumptis
462 1645 633 1722 potionibus
656 1646 817 1704 laeduntur
839 1645 933 1720 magis
956 1664 1047 1720 quam
1069 1643 1106 1702 ab

85 1736 128 1794 eis
161 1737 310 1797 sanentur.
353 1733 429 1792 Nam
460 1735 629 1794 huiusmodi
653 1734 790 1793 humores
820 1752 888 1793 cum
916 1734 1105 1794 ostomacho

83 1824 271 1899 emittuntur,
297 1827 327 1882 et
347 1825 425 1882 inter
446 1827 545 1883 cutem
566 1827 596 1881 11
617 1843 729 1882 earnem
747 1825 823 1882 etin
838 1824 919 1882 venis
935 1823 1107 1899 frequenter

85 1913 259 1972 discurrunt
281 1931 334 1972 nco
356 1914 386 1970 in
410 1914 559 1972 stomacho
582 1914 695 1988 pariter
726 1918 803 1982 sunt,
837 1917 866 1971 et
888 1912 954 1970 ideo
979 1932 1047 1972 oum
1070 1912 1106 1971 ab

83 2003 188 2078 aliquo
210 2002 328 2060 homine
351 2003 434 2076 potio
456 2003 488 2060 111
515 2002 699 2060 stomachum
734 2002 874 2078 mittitur,
906 2021 955 2060 eos
992 2002 1034 2060 ibi
1069 2001 1147 2060 adro

83 2092 290 2166 expellendum
311 2111 371 2150 non
393 2093 514 2151 invenit.

154 2182 201 2240 De
218 2182 366 2254 paralysi.
411 2181 564 2255 Homines,
597 2181 650 2255 qui
680 2180 716 2238 de
745 2181 833 2256 gutta
864 2180 1008 2255 paralysis
1035 2199 1106 2239 con-

83 2271 233 2340 teruntur,
266 2273 302 2328 ut
333 2269 447 2328 dictum
480 2274 532 2340 est,
567 2274 597 2328 et
627 2270 679 2345 qui
709 2269 744 2326 de
767 2269 908 2344 praefatis
930 2268 1106 2328 humoribus

84 2359 262 2435 fatigantur,
284 2362 410 2434 prosunt
432 2360 567 2434 pulveres
581 2357 725 2417 nobilium
742 2361 772 2416 et
788 2359 932 2416 bonarum
946 2357 1106 2415 herbarum

85 2452 117 2507 et
148 2447 218 2506 boni
248 2467 281 2507 ao
312 2467 417 2507 suaves
448 2448 551 2507 odores
581 2449 779 2523 pretiosorum
810 2450 989 2520 aromatum,
1027 2466 1100 2522 quo·
1117 2458 1146 2503 25

84 2538 168 2597 niam
190 2533 248 2597 ista
270 2537 392 2596 noxium
415 2539 540 2611 fumum,
564 2537 617 2612 qui
641 2558 657 2594 a
679 2536 835 2612 praedictis
849 2535 1024 2594 humoribus
1039 2554 1105 2610 pro·

85 2627 191 2686 cedens
213 2626 307 2684 malos
330 2627 469 2685 humores
490 2627 607 2701 excitat,
638 2626 784 2684 suavitate
807 2643 860 2682 sua
883 2625 1054 2700 deprimunt
1076 2628 1107 2684 et

84 2718 281 2790 compescunt
309 2720 339 2773 11
371 2718 534 2776 attenuant.
587 2714 790 2790 subscriptam
824 2717 922 2772 autem
955 2715 1106 2789 potionem

83 2805 133 2863 illi
171 2803 302 2863 homines
332 2807 459 2876 sumant,
497 2804 549 2881 qni
587 2823 640 2862 nec
671 2804 709 2862 ad
740 2804 860 2879 plenum
894 2803 957 2862 sani
987 2824 1040 2863 nec
1069 2805 1107 2862 ad

83 2894 208 2970 plenum
231 2893 340 2951 infirmi
364 2896 441 2969 sunt,
465 2896 495 2952 et
518 2893 558 2952 eis
582 2893 738 2952 sanitatem
762 2893 884 2952 confert.
927 2891 986 2951 Sed
1009 2894 1148 2952 11111131

83 3002 152 3042 eam
176 2985 301 3053 sumant,
326 2983 378 3059 qui
396 2983 459 3042 sani
482 2986 558 3053 sunt,
582 2983 722 3057 quoniam
745 2983 902 3041 sanitatem
926 2983 967 3041 eis
991 2985 1106 3055 retinet,

84 3091 123 3131 ne
145 3071 339 3143 infirmentur,
363 3071 468 3145 atilli,
492 3072 544 3146 qui
568 3091 585 3128 a
608 3072 730 3130 diversis
754 3074 784 3129 et
805 3073 908 3131 multis
932 3074 1027 3146 epulis
1042 3074 1106 3148 pin-

86 3178 162 3239 gues
184 3163 215 3219 11
237 3160 344 3219 livosos
366 3160 505 3220 humores
527 3162 557 3218 in
582 3179 611 3219 se
634 3161 751 3234 hahent,
780 3162 922 3235 quoniam
944 3161 1049 3218 limum
1073 3179 1106 3218 ac

83 3251 197 3309 faecem
221 3253 252 3307 et
272 3249 370 3308 tabem
392 3251 555 3309 humorum
583 3250 705 3308 illorum
737 3250 841 3324 aufert,
876 3253 905 3308 et
939 3250 984 3307 illi
1016 3250 1106 3308 etiam

84 3339 240 3414 accipiant,
265 3339 318 3415 qui
332 3340 462 3416 aliquem
479 3340 579 3397 cibum
595 3343 794 3415 sumpserunt,
810 3340 887 3397 unde
904 3340 935 3396 in
951 3339 1102 3396 stomacho
1117 3350 1146 3395 35

84 3429 196 3503 dolent,
220 3428 292 3504 quia
315 3428 447 3487 dolorem
470 3429 556 3486 ilium
579 3430 699 3505 mitigat
721 3434 751 3487 et
766 3428 895 3504 expellit.
933 3427 992 3496 Qui
1007 3431 1106 3485 autem

87 3537 155 3577 eam
177 3536 293 3577 sumere
316 3518 453 3592 voluerit,
478 3537 543 3577 eam
566 3522 620 3576 aut
642 3519 774 3576 inlunio
799 3518 896 3576 autin
913 3516 1002 3586 lulio,
1024 3519 1103 3574 aute·
