2460 3862
128 141 191 201 132
515 135 760 192 Hlnnucnahls

126 320 222 379 monis
239 319 317 378 hunc
332 320 457 379 livorem
473 320 536 395 peti
550 339 610 379 non
626 324 731 396 potest,
756 320 805 379 sed
826 339 894 378 eum
909 340 927 377 a
942 339 973 380 se
989 319 1028 379 ad
1043 325 1140 398 pectus

127 412 158 468 et
180 408 218 467 ad
240 411 349 486 guttur
372 409 500 484 expellit,
532 411 568 468 ut
598 410 689 485 cibus,
722 410 774 485 qui
796 428 932 484 spumam
956 410 991 469 de
1015 428 1046 470 se
1069 430 1140 470 ema·

126 517 197 557 nare
221 498 300 569 facit,
324 517 391 557 cum
416 498 453 555 ad
475 499 574 575 ignem
598 499 745 574 coquitur.

194 587 241 646 De
264 589 456 649 emunctione.
502 588 561 658 Qui
584 589 729 665 frigidum
745 591 775 646 et
790 587 941 646 infirmum
958 588 1140 648 stomachum

97 678 157 734 set
179 675 296 734 infirma
318 677 431 736 viscera
452 677 570 749 habent,
602 677 635 734 hi
658 677 693 735 de
715 677 886 736 infirmitate
917 677 970 735 illa
999 677 1139 755 frigidum

126 768 155 825 et
177 764 334 824 humidum
358 767 476 826 fumum
499 766 536 824 ad
559 765 712 825 cerebrum
736 784 823 825 suum
846 765 1001 838 emittunt,
1034 769 1065 826 et
1094 767 1139 825 ille

124 852 159 914 fit
181 857 217 913 ut
239 859 356 914 coctum
379 874 537 928 venenum,
571 858 601 914 et
624 856 665 914 sic
688 875 705 913 a
726 855 848 914 naribus
871 856 900 914 et
923 856 960 914 ab
984 874 1036 914 ore
1059 857 1138 915 emit

124 943 212 1018 titur,
235 949 271 1003 ut
293 945 383 1002 etiam
407 945 510 1002 stellae
532 944 563 1001 in
587 963 652 1003 aere
675 946 852 1021 purgantur,
882 947 918 1003 ut
947 944 1038 1004 etiam
1066 949 1138 1005 terra

124 1032 270 1109 quaedam
293 1033 411 1092 sordida
435 1037 464 1092 et
487 1034 598 1092 foetida
621 1034 657 1091 de
680 1052 709 1092 se
734 1034 852 1095 emittit.

80 1134 111 1179 ,ιο
192 1122 238 1181 De
259 1123 370 1182 cerebri
393 1127 421 1183 et
441 1123 554 1182 salicae
577 1125 605 1183 et
627 1122 824 1183 emunctioris
841 1124 1032 1197 permotione.
1071 1121 1137 1182 Nam
1181 1188 1184 1201 1

125 1211 279 1270 cerebrum
302 1212 443 1270 fenestras
466 1211 561 1287 habet,
593 1231 667 1287 quae
700 1231 814 1286 semper
843 1214 981 1271 ventosae
1015 1216 1085 1272 sunt
1111 1214 1136 1271 et
1182 1204 1184 1273 ἶ

125 1300 160 1359 de
183 1300 291 1375 quibus
314 1319 430 1376 semper
453 1301 643 1360 mollificetur
666 1304 695 1359 et
717 1301 875 1360 humidum
897 1300 940 1377 fis,
973 1321 1051 1377 quae
1074 1303 1136 1362 sunt
1182 1296 1184 1307 '

125 1389 214 1463 oculi,
248 1408 333 1448 aures
365 1393 395 1448 et
418 1408 503 1449 nares
527 1394 556 1449 et
578 1409 611 1448 cs
633 1390 769 1462 hominis,
802 1391 845 1448 ita
877 1390 957 1466 quod
980 1391 1092 1468 frigida
1112 1393 1136 1449 et

124 1477 247 1537 humida
269 1479 394 1537 foeditas
417 1479 577 1538 humorum
599 1478 640 1536 ibi
664 1479 695 1537 in
718 1483 856 1538 exeuntes
882 1480 945 1539 vias
973 1480 1092 1539 narium
1113 1482 1138 1538 et

84 1578 111 1622 15
125 1568 259 1644 gutturis
294 1571 500 1645 congregatur,
536 1569 678 1644 quoniam
710 1569 863 1627 cerebrum
899 1587 963 1626 eam
999 1571 1066 1644 pati
1087 1588 1138 1628 non

125 1659 232 1731 potest,
255 1657 306 1716 sed
329 1677 393 1715 eam
416 1656 454 1715 ad
475 1657 684 1733 purgationem
708 1657 834 1716 hominis
857 1657 970 1717 emittit
997 1662 1029 1717 et
1057 1659 1139 1734 pulsu

125 1747 200 1805 aeris
223 1745 368 1807 educitur.
416 1746 501 1815 Quod
524 1747 549 1804 si
571 1746 684 1805 homini
713 1747 854 1822 purgatio
884 1747 942 1805 ista
970 1748 1140 1822 prohibetur

125 1834 226 1910 aliquo
249 1836 345 1910 modo,
369 1835 458 1894 homo
482 1835 623 1894 insaniret
646 1838 676 1893 et
699 1838 854 1907 aresceret,
882 1837 954 1911 quia
978 1837 1139 1896 stomachus

123 1924 235 1997 periret
257 1927 286 1983 et
309 1925 462 1983 cerebrum
484 1927 682 1999 putresceret,
716 1925 856 2000 quoniam
889 1926 1036 1984 foetorem
1069 1929 1140 1985 hunc

83 2012 188 2087 apati
203 2031 262 2071 non
277 2016 403 2088 possent,
427 2014 504 2073 sicut
519 2032 572 2072 nec
587 2033 668 2072 mare
684 2013 804 2072 sordida
819 2018 849 2073 et
864 2014 1019 2073 immunda
1034 2016 1140 2089 suffert,

125 2101 198 2175 quin
222 2121 256 2160 ea
278 2102 313 2161 de
336 2122 366 2162 se
390 2103 484 2161 eiciat.
531 2102 589 2171 Qui
605 2105 704 2161 autem
720 2104 892 2162 constrictas
909 2121 1011 2162 carnes
1027 2105 1139 2184 habent,

123 2189 155 2248 hi
178 2194 239 2249 tarn
263 2191 331 2250 duri
354 2192 383 2250 iu
407 2191 544 2251 carnibus
577 2192 638 2250 suis
672 2195 750 2265 sunt,
784 2195 820 2250 ut
851 2210 961 2264 caseus,
997 2194 1053 2268 qui
1085 2195 1139 2252 tam

124 2280 242 2339 fortiter
258 2299 439 2356 compressus
457 2284 509 2352 est,
534 2280 615 2357 quod
634 2281 733 2356 liquor
753 2300 788 2339 ex
804 2300 838 2340 eo
854 2282 945 2341 fluere
960 2301 1020 2341 non
1036 2286 1139 2359 potest,

124 2372 155 2428 et
177 2369 247 2430 ideo
270 2370 300 2428 in
324 2371 461 2429 carnibus
485 2389 588 2428 eorum
610 2371 691 2428 viror
714 2369 817 2430 livoris
839 2373 972 2430 remanet
994 2375 1027 2430 et
1050 2373 1092 2431 ita
1112 2372 1140 2429 in

83 2469 112 2514 25
126 2458 166 2517 eis
189 2459 359 2534 indurescit,
383 2460 452 2534 quia
475 2458 550 2518 hanc
573 2458 745 2518 foeditatem
769 2478 903 2518 excreare
926 2478 985 2518 non
1007 2463 1139 2536 possunt.

124 2546 181 2607 Sed
212 2548 376 2608 humiditas
408 2544 543 2608 ciborum
568 2551 597 2607 et
620 2552 747 2623 potuum
770 2551 800 2606 et
822 2549 874 2607 alii
896 2547 1038 2609 humores
1060 2553 1140 2609 tanto

124 2637 280 2696 debiliores
303 2639 332 2696 in
357 2639 397 2696 eis
420 2642 499 2712 sunt,
522 2637 593 2712 quia
608 2638 736 2696 exterius
752 2637 936 2696 adiutorium
951 2638 1068 2715 livoris,
1092 2639 1141 2716 qui

124 2725 155 2784 in
184 2745 269 2786 carne
301 2730 355 2803 est,
386 2745 445 2784 non
475 2726 592 2799 habent,
625 2727 764 2801 quoniam
787 2745 858 2802 prae
881 2727 1093 2788 constrictione
1115 2732 1142 2785 et

125 2814 238 2873 duritia
260 2816 354 2874 carnis
376 2816 503 2875 istorum
527 2816 647 2874 effluere
671 2834 728 2874 non
751 2818 884 2891 possunt.
930 2815 970 2874 nt
985 2814 1019 2874 hi
1034 2816 1142 2876 infirmi

84 2912 113 2958 so
126 2907 196 2962 sunt
225 2904 350 2963 interius
381 2905 412 2962 in
445 2923 567 2980 corpore
598 2907 627 2963 et
659 2906 786 2964 exterius
817 2906 849 2963 in
871 2924 957 2964 carne
981 2906 1140 2976 ulceribus

125 2991 196 3066 quia
211 2994 311 3052 sordes
333 2994 434 3053 livoris
450 2994 481 3052 in
497 2995 537 3052 eis
553 2998 712 3068 remanent,
727 3012 780 3053 nec
796 3013 844 3053 ecs
860 3012 993 3053 excreare
1010 3000 1144 3070 possunt.

127 3080 172 3140 Ao
194 3081 259 3141 ideo
283 3084 344 3140 tam
367 3084 397 3140 in
421 3087 541 3159 pectore
565 3103 654 3158 quam
677 3083 708 3140 in
731 3083 813 3143 venis
836 3086 866 3142 et
888 3083 1005 3159 reliquo
1023 3102 1142 3161 corpora

124 3170 256 3230 multum
288 3171 396 3236 dolent.
442 3172 500 3242 Qui
531 3191 601 3232 vero
633 3173 759 3248 pingues
792 3191 892 3232 carnes
915 3173 946 3230 in
970 3173 1142 3250 corporibus

125 3261 186 3319 suis
208 3261 327 3337 habent,
351 3262 473 3322 diversis
496 3261 671 3320 humoribus
695 3261 867 3321 habundant
889 3264 919 3320 et
940 3261 1031 3321 facila
1055 3263 1142 3323 tussi·

81 3359 112 3405 ,35
126 3353 199 3423 tant,
222 3350 273 3410 sed
295 3351 409 3410 modice
433 3354 574 3424 excreant,
595 3350 676 3426 quod
698 3370 749 3408 aer
772 3369 805 3409 ac
829 3355 925 3410 cetera
947 3351 1094 3413 elementa
1114 3353 1142 3410 in

126 3458 176 3499 eos
207 3440 368 3500 difficulter
400 3440 543 3499 intrantes
577 3459 647 3514 prae
679 3439 859 3516 pinguedine
892 3443 922 3499 et
952 3440 1142 3517 spissitudine

127 3529 221 3589 carnis
243 3530 329 3589 facile
352 3530 430 3589 exire
452 3548 510 3588 non
533 3532 658 3604 possunt
679 3547 732 3587 nec
755 3529 893 3590 humores
921 3529 959 3588 ad
985 3531 1138 3609 purgatio·
