2460 3862
126 143 188 204 160
510 136 756 193 HILDEGARDIS

123 323 210 383 busto
235 326 265 382 et
288 321 466 393 berosino,
489 323 576 382 faoile
599 323 747 382 caleulum
769 322 826 382 sibi
842 323 976 382 attrahit.
1012 319 1080 382 Nam
1091 317 1116 377 de

124 412 283 488 praedietis
306 412 378 471 oibis
401 416 432 470 et
453 411 582 488 potibus,
606 431 675 471 eum
697 412 788 472 etiam
811 430 878 471 earo
902 411 967 472 eius
989 410 1080 470 mollis
1096 409 1117 467 et

123 501 248 560 humida
279 501 331 577 sit,
363 501 448 577 qnasi
479 503 545 560 faex
574 502 605 560 in
628 503 692 560 loeo
720 502 782 569 illo,
815 501 869 560 ubi
900 502 990 560 urina
1018 500 1118 559 effluere

125 590 219 662 debet,
243 591 419 667 coagulatur
442 591 525 649 etin
548 591 698 650 oaloulum
721 591 859 662 duresoit‚
892 591 943 650 sed
974 595 1069 649 tamen
1095 585 1120 644 de

98 681 221 740 scelere
245 683 275 738 et
297 679 473 739 fortitudine
506 681 610 739 urinae
644 679 831 756 aliquantum
862 682 948 738 tener
982 682 1034 755 est,
1067 677 1121 736 dm

125 769 221 828 adhue
243 769 322 828 infra
344 769 494 829 hominem
517 772 568 844 est,
597 774 628 828 et
650 769 716 828 ideo
739 769 792 828 ille
813 769 962 844 paulatim
990 771 1020 827 et
1044 764 1120 826 modi·

126 877 190 918 eam
222 859 340 916 urinam
373 860 509 934 quamvis
543 877 612 918 eum
644 858 821 918 difficultate
844 857 965 920 emittit.
1010 856 1041 917 si
1062 855 1122 915 enin

124 948 255 1007 ealoulus
277 948 355 1006 infra
377 948 525 1008 hominem
549 948 643 1007 durus
658 951 741 1023 esset,
764 947 852 1006 homo
868 947 927 1006 oito
941 947 1061 1023 periret
1089 943 1123 1003 sie

128 1040 173 1096 est
195 1037 226 1095 in
249 1037 373 1095 muliere
397 1057 486 1114 quam
509 1037 540 1095 in
555 1039 628 1112 viro,
653 1038 741 1095 urina
765 1040 865 1095 autem
887 1036 947 1096 viri
970 1036 1074 1096 fortior
1092 1033 1123 1092 ut
1156 1052 1160 1061 ·

86 1140 112 1184 15
126 1147 216 1203 quam
239 1127 381 1202 mulieris,
413 1127 464 1186 sad
495 1130 592 1185 tamen
623 1127 669 1185 vir
699 1127 840 1184 maiorem
872 1125 1004 1185 dolorem
1027 1125 1123 1202 patitur

125 1236 215 1293 quam
238 1216 353 1275 mulier.
400 1215 486 1287 Quod
510 1218 610 1274 autem
632 1216 719 1292 pueri
741 1219 794 1274 aut
816 1215 945 1274 infantes
969 1216 1006 1274 de
1028 1211 1123 1274 uleulo

123 1306 324 1381 stringuntur,
347 1304 404 1364 hoe
427 1306 462 1363 de
485 1306 564 1364 malo
589 1307 619 1363 et
640 1323 732 1380 pravo
749 1305 825 1363 laete
841 1305 994 1364 nutricum
1008 1306 1060 1375 eet,
1081 1316 1124 1378 qno

123 1394 231 1453 nutriti
255 1397 325 1453 sunt
347 1394 395 1453 vel
417 1394 603 1456 nutriuntur.
646 1393 722 1452 Nam
745 1412 813 1453 oum
835 1393 937 1452 nutrix
960 1394 1075 1452 infirma
1092 1391 1124 1449 est

124 1485 171 1543 vel
194 1501 261 1542 eum
286 1483 410 1543 diversis
433 1483 505 1542 cibis
529 1487 559 1542 et
580 1483 701 1560 potibus
725 1487 755 1541 et
777 1483 850 1542 forti
873 1483 943 1542 vino
967 1483 1124 1559 frequenter

86 1584 113 1629 20
127 1574 233 1647 utitur,
257 1572 325 1630 inde
348 1573 395 1632 lae
417 1577 532 1632 reatum
556 1591 689 1649 saporem
714 1572 827 1631 amittit
849 1576 879 1631 et
894 1572 980 1648 quasi
995 1570 1125 1632 foetidum

125 1663 197 1737 erit,
234 1664 265 1720 et
287 1667 359 1720 tuno
393 1663 440 1720 lan
473 1662 555 1720 istud
590 1662 732 1722 foetidam
766 1661 1002 1737 coagulationem
1025 1661 1056 1720 in
1077 1661 1125 1717 lou

126 1751 276 1811 effusionis
308 1751 412 1809 urinae
442 1751 473 1808 in
505 1770 598 1826 puero
630 1752 678 1811 vel
710 1751 741 1808 in
769 1750 878 1809 infanti
900 1751 975 1810 fauit
998 1754 1028 1809 et
1049 1745 1127 1809 itain

127 1841 273 1900 caleulum
296 1839 435 1904 durescit.

192 1931 240 1989 De
261 1930 341 2004 palu.
387 1929 529 1988 Homines
559 1933 669 2004 autem,
703 1928 756 2004 qui
786 1928 848 1987 sani
875 1932 947 1988 sunt
970 1931 1001 1987 et
1023 1921 1129 1997 robntt

84 2027 112 2073 25
125 2019 168 2076 ita
191 2018 281 2077 etiam
305 2018 386 2094 quod
409 2037 512 2078 eorum
535 2019 618 2077 nervi
640 2019 732 2078 fortes
753 2020 825 2076 sunt
840 2020 870 2076 et
886 2017 969 2093 quod
984 2018 1055 2077 sunt
1068 2012 1127 2076 ebri·

127 2108 169 2167 osi
192 2112 223 2166 et
246 2108 343 2184 gulosi
366 2109 517 2167 studentes
541 2108 678 2167 carnibus
707 2112 738 2167 et
766 2107 831 2166 aliis
855 2106 988 2166 delioatis
1018 2103 1129 2166 eihsa

125 2197 256 2273 potibus,
291 2197 399 2254 horum
433 2197 553 2273 sanguis
587 2197 619 2254 in
651 2215 785 2256 oerosum
809 2197 938 2255 colorem
962 2197 1088 2256 vertitur
1106 2192 1130 2250 el

125 2286 230 2345 deinde
254 2286 475 2360 spissitudinem
503 2285 642 2362 acquirit.
687 2286 727 2344 Et
756 2285 827 2362 quia
853 2304 924 2360 prae
952 2282 1129 2361 spissitudine

125 2379 241 2434 rectum
263 2377 394 2434 meatum
417 2375 526 2433 habere
549 2394 608 2433 non
631 2378 738 2451 potest,
762 2375 844 2452 quod
867 2374 956 2433 etiam
979 2393 1034 2434 neo
1053 2368 1128 2433 febri·

85 2475 112 2519 25
125 2465 181 2524 bus
204 2482 257 2523 neo
281 2463 433 2523 debilitate
457 2464 617 2523 eorundem
639 2464 804 2540 hominum,
829 2464 970 2540 quoniam
987 2465 1052 2523 sani
1067 2462 1130 2532 suut,

125 2557 305 2628 attenuatur,
341 2571 442 2612 earnes
477 2556 507 2612 et
541 2558 623 2612 autes
658 2572 761 2612 eorum
797 2553 961 2629 pertransit
995 2558 1027 2612 et
1059 2547 1131 2611 nexio

124 2643 248 2702 humore
282 2641 376 2700 inficit
409 2646 439 2701 et
474 2643 559 2718 quasi
594 2642 726 2702 sordidas
762 2643 835 2702 feeit
869 2645 961 2718 atque
996 2640 1131 2701 ulceribus

125 2733 228 2807 replet.

192 2823 239 2880 De
261 2821 409 2880 ulceribus
432 2820 541 2893 leprae.
587 2819 644 2879 Sed
667 2823 698 2879 et
720 2838 874 2897 pauperes,
906 2820 960 2896 qui
991 2819 1057 2878 sani
1076 2816 1134 2878 sunt

84 2920 112 2966 ³0
126 2927 249 2984 corpore
292 2913 322 2968 et
360 2909 480 2968 eandem
527 2913 664 2968 naturam
714 2909 886 2986 gulositatis
924 2908 1049 2975 habent.
1094 2900 1133 2964 ssd

125 3002 224 3056 tamen
248 2997 389 3057 delicatos
413 2999 493 3058 eibos
517 3003 547 3059 et
570 3002 659 3074 potus
676 2999 792 3059 assidue
808 2995 917 3059 habere
938 3017 999 3058 non
1015 2994 1133 3075 possunt

125 3087 223 3146 tribus
245 3087 293 3145 vel
316 3087 432 3146 duabus
455 3089 626 3165 septimanis
651 3091 705 3147 aut
732 3108 792 3146 una
814 3087 997 3164 praedictam
1021 3081 1132 3146 infirmi·

125 3179 217 3236 tatem
240 3176 296 3234 sibi
321 3177 469 3235 attrahere
492 3179 625 3253 possunt,
650 3197 718 3236 cum
744 3178 863 3237 eosdem
886 3177 969 3237 eibos
996 3182 1027 3237 et
1048 3178 1134 3253 potus,

126 3286 200 3342 quos
222 3266 340 3340 habent,
364 3266 531 3325 inordinate
554 3286 608 3343 per
631 3268 732 3344 gulam
755 3269 886 3326 sumunt.
918 3265 967 3325 Sis
990 3268 1080 3326 etiam
1099 3261 1129 3320 de

86 3366 114 3411 at
129 3356 284 3416 iuvenibus
308 3358 338 3413 et
360 3356 462 3430 pueris
485 3356 614 3432 intelligi
637 3359 744 3430 potest.
794 3351 875 3417 Nam
898 3355 934 3414 de
958 3356 1094 3415 carnibus
1112 3351 1136 3409 st

131 3446 248 3506 diverso
272 3446 348 3503 laete
372 3448 402 3503 et
425 3444 461 3502 de
485 3446 557 3504 forti
579 3446 649 3505 vino
673 3445 745 3504 haee
759 3445 915 3504 infirmitas
931 3462 1020 3522 saepe
1035 3441 1136 3510 cressit

126 3554 186 3594 non
210 3537 310 3595 autem
337 3534 373 3594 de
397 3553 473 3612 pane
497 3552 550 3593 neo
573 3534 609 3592 de
633 3534 763 3594 oleribus
786 3552 839 3593 neo
862 3533 898 3592 de
921 3535 1069 3596 serevisia
