2460 3862
354 132 496 187 CAUSAE
513 132 560 187 ET
579 132 701 188 cunin
721 134 787 188 hlB.
807 134 841 187 ΙΙ.
1041 137 1102 197 151

156 317 201 376 Dc
223 317 343 376 vomica.
375 314 450 375 (lum
465 319 552 376 homo
568 317 760 376 immoderate
775 318 901 395 frigidos
917 318 998 377 cibos
1014 318 1105 376 sumit

85 410 119 464 et
141 409 214 464 tunc
236 424 305 464 mox
327 406 447 482 calidos,
474 407 518 465 ita
544 409 651 478 tamen,
679 407 760 483 quod
788 408 891 484 frigidi
919 407 1028 466 calidos
1056 426 1102 465 ex-

84 496 239 571 superant,
275 497 328 554 aut
362 496 387 554 si
420 495 559 555 humidos
586 496 780 556 immoderate
809 498 913 568 sumit,
946 497 989 555 ita
1024 496 1104 572 quod

84 584 205 642 humidi
228 584 319 644 siccos
343 586 580 660 supramodum
605 585 757 657 excedunt,
780 589 852 645 tunc
877 584 912 644 de
934 586 1105 645 diversitate

86 674 289 750 procellarum
310 674 418 731 harum
440 674 472 733 in
495 673 646 733 stomacho
662 694 747 751 saepe
763 674 850 733 homo
866 675 1014 733 vomitum
1029 675 1132 750 pati-5

86 766 149 834 tur,
173 781 242 821 cum
264 763 306 821 sic
329 762 523 838 digestionem
546 762 652 822 hahere
675 783 736 822 non
758 766 865 840 potest,
889 767 918 822 et
933 764 1000 822 ideo
1015 764 1104 823 homo

88 852 172 912 cibos
194 851 226 910 in
248 851 361 928 frigore
385 855 416 910 et
438 853 535 911 calore
558 856 637 912 recte
659 857 838 930 temperatos
869 856 974 924 sumat,
1007 871 1043 910 ne
1075 873 1105 911 se

87 942 190 1016 ipsum
212 960 267 1017 ρετ
288 941 437 1000 vomitum
460 941 567 1004 laedat.
598 941 655 1013 Qui
679 946 781 1001 autem
804 943 841 1000 de
863 943 964 1018 aliqua
979 941 1103 1000 infirmi-

87 1033 151 1089 tate
174 1030 321 1088 vomitum
344 1032 502 1107 patiuntur
525 1033 555 1090 et
577 1035 701 1107 propter
728 1031 925 1090 inordinatam
953 1031 1104 1089 comestio-

88 1139 166 1193 nem,
190 1119 241 1178 isti
263 1119 388 1178 interius
410 1120 440 1178 in
463 1120 614 1179 stomacho
638 1121 742 1197 frigidi
765 1124 843 1192 sunt,
866 1121 910 1179 ita
933 1120 1013 1196 quod
1029 1121 1148 1179 calo-10

88 1229 154 1267 rom
176 1208 207 1266 in
230 1227 260 1268 se
282 1227 341 1267 non
365 1208 482 1284 habent,
506 1214 542 1267 ut
565 1209 623 1268 cihi
646 1210 676 1268 in
693 1210 734 1268 eis
752 1210 788 1268 ad
805 1210 1000 1287 digestionem
1016 1210 1105 1285 coqui

88 1297 213 1374 possint,
236 1301 266 1356 et
288 1301 359 1356 tunc
382 1299 532 1357 semicooti
556 1298 614 1357 cibi
636 1317 756 1358 sursum
779 1300 953 1373 ascendunt,
978 1318 1044 1357 cum
1069 1299 1104 1356 ad

87 1404 236 1446 secessum
259 1386 430 1446 descendere
452 1407 510 1446 non
533 1389 640 1450 valent.
685 1389 725 1447 Et
752 1390 794 1447 sic
820 1388 908 1447 homo
931 1388 1041 1447 multas
1064 1389 1106 1445 in·

88 1476 247 1534 firmitates
270 1495 324 1550 par
345 1477 493 1536 vomitum
515 1477 640 1553 patitur.
675 1476 761 1548 Quod
778 1481 878 1536 autem
894 1477 1002 1553 aliquis
1017 1477 1105 1535 homo

89 1584 121 1624 se
153 1566 252 1641 ipsum
278 1565 315 1622 ad
343 1566 490 1624 vomitum
517 1570 659 1642 provocet
686 1567 734 1626 vel
758 1567 838 1641 quod
861 1567 981 1642 aliquod
1005 1567 1104 1625 condi·
1122 1579 1146 1622 ra

88 1656 226 1713 mentum
258 1657 365 1730 sumat,
394 1655 473 1713 unde
503 1656 651 1714 vomitum
673 1659 821 1730 provocet,
852 1655 908 1714 hoc
936 1656 963 1713 ei
989 1655 1106 1714 salubre

90 1746 122 1802 at
145 1761 251 1801 sanum
279 1762 336 1802 non
367 1747 420 1819 est,
451 1745 522 1819 quia
545 1745 676 1804 vomitus
699 1745 741 1804 sio
764 1748 942 1819 provocatus
965 1763 1053 1803 venas
1076 1748 1106 1803 et

89 1833 265 1908 sanguinem
277 1833 339 1891 eius
352 1835 541 1909 extorqueret
553 1837 583 1892 et
594 1834 622 1891 in
640 1834 785 1892 iniustum
801 1833 923 1892 modum
939 1833 1106 1910 deduceret,

90 1922 136 1979 ita
171 1921 251 1996 quod
285 1922 375 1980 etiam
408 1922 487 1980 idem
520 1923 651 1982 vomitus
683 1928 798 1982 rectum
821 1923 878 1982 iter
901 1923 1024 1982 exeundi
1047 1943 1104 1982 non

90 2009 215 2068 haberet
237 2012 267 2069 ot
288 2011 331 2069 ita
353 2010 441 2069 homo
465 2029 549 2087 saepe
572 2012 748 2074 laederetur.
793 2011 863 2071 Ideo
896 2011 984 2072 homo
1015 2013 1105 2072 vomi·
1119 2023 1146 2068 το

88 2103 157 2159 tum
181 2099 212 2157 in
235 2117 265 2158 se
287 2119 346 2158 non
369 2102 518 2176 provocet,
542 2101 594 2176 qui
610 2102 729 2160 sanitati
745 2101 808 2160 eius
823 2102 938 2160 inutilis
954 2104 1006 2176 est,
1031 2121 1105 2178 quo·

88 2189 172 2247 niam
193 2188 337 2261 vomitur,
361 2190 414 2265 qui
437 2208 490 2264 per
513 2208 543 2248 se
566 2189 598 2248 in
619 2191 736 2250 homine
759 2191 893 2267 exsurgit
915 2209 975 2249 non
997 2209 1105 2264 provo·
1212 2206 1215 2210 ·

87 2281 184 2347 catus,
214 2277 319 2337 melior
349 2281 393 2336 est
423 2278 484 2355 illo,
518 2298 606 2354 quem
628 2279 717 2340 homo
741 2280 842 2355 aliquo
866 2280 1051 2339 condimento
1074 2281 1105 2337 in

86 2386 121 2427 se
145 2369 294 2442 provocat.

158 2456 204 2514 De
225 2457 429 2530 indigestione.
464 2455 521 2515 Sed
537 2476 605 2516 cum
628 2457 768 2515 humores
791 2459 844 2515 aut
868 2457 903 2515 de
930 2457 1104 2516 infirmitate
1119 2467 1146 2512 τᾶ

89 2547 146 2604 aut
168 2544 204 2603 de
226 2544 351 2603 infirmis
371 2549 400 2604 et
420 2565 480 2605 non
500 2548 577 2605 sanis
598 2546 670 2606 cibis
685 2548 850 2616 moventur,
873 2546 915 2604 ita
931 2547 1011 2622 quod
1027 2547 1108 2606 calor

89 2635 129 2693 ad
151 2633 248 2710 frigus
272 2652 302 2693 se
324 2635 481 2712 coniungit
503 2638 534 2694 et
555 2635 653 2711 frigus
677 2634 713 2693 ad
737 2635 864 2693 calorem
887 2638 917 2693 et
944 2636 1107 2695 humiditas

89 2724 130 2782 ad
152 2720 314 2782 siccitatem
337 2726 367 2782 et
389 2724 505 2783 siccitas
529 2724 566 2781 ad
588 2724 806 2794 humiditatem,
834 2727 906 2782 tuno
934 2725 991 2800 ipsi
1014 2726 1105 2784 inter·

89 2813 165 2871 dum
186 2810 349 2888 indigestos
373 2813 452 2872 cibos
476 2816 506 2871 et
528 2817 619 2888 potus
643 2813 796 2889 expellunt
817 2816 846 2871 et
862 2813 1037 2876 extrudunt.
1068 2816 1107 2874 Et

89 2902 117 2961 si
134 2901 306 2960 huiusmodi
321 2902 432 2959 infirmi
448 2902 507 2960 cibi
523 2902 721 2978 expelluntur,
736 2902 792 2960 hoc
807 2901 919 2960 bonum
935 2908 979 2962 est
993 2904 1106 2963 homini
1121 2914 1149 2958 30

89 2990 129 3049 ad
151 2990 319 3050 sanitatem.
365 2991 397 3048 Si
421 2995 521 3050 autem
544 2991 602 3050 cibi
618 2991 688 3049 boni
704 2994 781 3067 sunt,
805 2996 878 3050 tuno
895 2993 979 3052 obest
994 2994 1107 3054 homini

88 3080 128 3138 ad
157 3079 290 3154 corporis
318 3080 484 3150 sanitatem,
514 3080 538 3139 si
571 3079 768 3156 expelluntur,
799 3081 878 3156 quod
910 3101 1000 3141 venae
1031 3084 1107 3142 hono

88 3187 179 3229 succo
203 3168 364 3227 eorundem
388 3169 523 3228 ciborum
546 3172 736 3232 evacuantur.
770 3169 901 3229 Etcum
925 3171 1015 3229 etiam
1037 3172 1108 3229 mali

89 3257 230 3317 humores
253 3258 514 3334 superhabundant
536 3259 567 3315 in
588 3259 717 3334 homine,
739 3262 811 3318 tuno
827 3259 987 3335 aliquando
1003 3264 1109 3334 parant

89 3348 124 3406 in
157 3365 191 3406 oo
226 3347 402 3406 nebulosum
435 3348 561 3416 fumum,
598 3349 651 3423 qui
683 3366 736 3406 neo
764 3349 877 3406 calidus
894 3340 958 3406 'nec
980 3349 1107 3425 frigidus
1122 3358 1150 3402 35

89 3439 204 3509 (est).
249 3436 289 3495 Et
321 3437 369 3496 hic
403 3437 434 3495 in
464 3437 576 3496 viscera
611 3440 641 3496 et
676 3437 753 3496 circa
786 3437 971 3496 stomachum
1002 3440 1033 3495 et
1054 3456 1109 3514 ρετ

90 3528 192 3586 totum
233 3544 324 3601 orpus
347 3526 429 3584 illius
454 3524 632 3585 diffunditur
655 3528 685 3585 et
708 3529 819 3586 ceteras
846 3530 957 3603 pestes,
976 3546 1056 3603 auae
1075 3528 1114 3584 in
