2460 3862
132 140 174 199 48
520 131 764 189 HILDEGARDIS

130 322 162 378 et
185 319 279 395 magis
308 337 338 378 se
365 317 490 377 invicem
517 318 549 376 in
572 317 781 377 contrarietate
804 317 944 377 amabant
967 319 997 378 et
1020 317 1079 377 sibi
1104 336 1152 378 co·

130 406 298 470 haerebant.
342 405 400 466 Sed
422 411 522 466 tamen
544 407 643 466 Adam
664 407 809 484 quosdam
832 407 917 466 filios‘
931 412 1153 484 procreaverat,

131 497 184 574 qui
207 496 306 556 divina
328 497 443 556 ratione
466 497 509 556 ita
532 497 639 572 repleti
667 500 764 568 erant,
796 496 878 573 quod
908 515 939 556 se
967 497 1004 555 ad
1033 497 1153 556 nullam

130 586 348 662 turpitudinem
371 586 558 645 commiscere
580 585 733 660 volebant,
757 584 808 645 sed
831 587 913 661 quod
935 585 968 644 in
991 586 1153 646 sanctitate

102 678 343 751 spermanerent.
390 674 476 734 Unde
499 679 529 734 et
551 675 607 733 filii
630 674 678 734 dei
701 674 886 736 dicebantur.

200 766 297 838 Quare
324 765 384 837 pler·
415 765 470 824 dci.
516 765 556 823 Et
584 763 616 822 hi
647 763 829 840 aspiciebant
861 767 891 824 et
921 763 1151 842 investigabant,

130 854 184 912 ubi
214 853 347 913 homines
377 854 423 912 illi
454 856 563 929 essent,
596 854 650 930 qui
680 871 710 912 se
741 852 896 928 pecoribus
924 872 984 912 non
1011 854 1150 915 commis·

129 944 259 1002 cuissent
274 947 304 1002 91
327 944 380 1020 qui
403 961 471 1002 cum
494 940 650 1018 pecoribus
674 942 812 1001 destituti
834 961 894 1001 non
917 943 1019 1018 essent,
1044 963 1151 1019 quam·

130 1034 174 1092 ris
197 1032 252 1091 filii
275 1033 547 1108 praevaricatorum
570 1036 672 1103 essent,
695 1031 773 1091 sicut
796 1031 933 1106 superius
956 1031 1072 1092 dictum
1097 1035 1151 1095 est.

90 1135 116 1178 ro
129 1121 215 1180 Unde
238 1126 268 1181 et
282 1122 337 1180 filii
351 1121 505 1180 hominum
522 1121 703 1197 dicebantur,
727 1121 797 1196 quia
812 1122 910 1179 tamen
925 1121 1026 1181 necin
1041 1121 1150 1182 formis

128 1213 190 1270 suis
221 1230 274 1271 nec
306 1230 374 1270 cum
402 1211 557 1286 pecoribus
587 1209 725 1270 destituti
747 1212 839 1269 erant
884 1210 923 1268 111
957 1209 993 1268 (19
1027 1209 1151 1271 filiabus

128 1301 255 1359 istorum
277 1319 383 1359 uxores
407 1300 555 1359 duxerunt
578 1303 609 1359 91
631 1318 666 1358 ex
688 1299 729 1358 eis
751 1298 828 1358 fflios
843 1303 1087 1374 procreaverunt,
1112 1303 1151 1361 ut

129 1390 274 1465 scriptum
308 1394 364 1448 est:
403 1390 567 1449 videntes
605 1388 680 1446 filii
718 1388 775 1447 dei
812 1388 914 1447 filias
947 1388 1150 1466 bominum,

130 1479 228 1555 quod
261 1483 383 1538 essent
413 1478 595 1553 pulchrae.
644 1477 702 1536 sed
735 1481 764 1536 et
792 1477 939 1554 quaedam
969 1477 1082 1537 bestiae
1118 1481 1150 1538 et

89 1583 115 1625 15
128 1586 235 1644 pecora
257 1568 353 1628 adhuc
380 1571 462 1639 sunt,
495 1587 570 1643 quae
597 1567 652 1626 hoc
681 1565 780 1638 modo,
811 1570 847 1626 ut
877 1567 1063 1642 praedictum
1093 1572 1150 1644 est,

128 1657 293 1731 plurimum
323 1657 380 1716 sibi
411 1657 446 1715 de
475 1656 605 1714 humana
634 1658 743 1714 natura
773 1655 809 1713 ab
836 1655 1008 1715 hominibus
1032 1660 1150 1716 contra·

128 1749 245 1806 xerunt.
290 1746 374 1804 Tunc
405 1747 516 1804 clamor
546 1746 637 1804 huius
668 1745 836 1822 iniquitatis
868 1748 935 1804 ante
967 1745 1069 1804 oculos
1102 1746 1151 1806 dei

129 1835 271 1906 ascendit,
304 1835 444 1912 quoniam
471 1835 570 1911 imago
603 1834 650 1892 dei
680 1837 833 1894 contracta
863 1842 894 1893 et
922 1834 992 1894 elisa
1021 1836 1086 1895 erat
1118 1837 1149 1895 et

128 1924 312 1982 rationalitas
342 1924 464 1982 confusa
494 1924 525 1982 in
558 1924 758 1983 fornicatione.
808 1921 894 1981 Unde
926 1924 1050 1999 spiritus
1088 1924 1146 1997 dei,

88 2025 116 2069 20
131 2014 184 2089 qui
213 2013 245 2071 in
275 2013 423 2072 creatione
457 2013 562 2071 mundi
596 2014 759 2088 ferebatur,
795 2030 885 2088 super
920 2032 1013 2089 aquas
1047 2013 1149 2074 emisit

127 2120 228 2178 aquas,
252 2105 282 2161 et
303 2103 473 2161 membrana
495 2121 649 2179 aquarum,
677 2122 731 2178 per
754 2121 844 2178 quam
867 2121 962 2178 aquae
985 2103 1070 2178 prius
1095 2103 1148 2162 ali·

129 2192 309 2267 quantulum
332 2191 569 2267 retardabantur,
592 2211 628 2250 ne
650 2195 733 2250 tanta
756 2191 912 2250 velocitate
939 2192 1078 2262 fluerent,
1111 2196 1149 2252 ut

128 2281 215 2340 modo
238 2281 344 2356 fluunt,
368 2281 489 2356 dirupta
512 2283 564 2356 est,
587 2284 618 2339 91
640 2300 718 2357 aqua
738 2281 769 2338 in
785 2299 876 2340 cursu
891 2298 945 2339 suo
962 2282 1048 2340 velox
1064 2281 1148 2341 facta

128 2374 171 2428 est
195 2373 225 2429 et
246 2369 379 2430 homines
400 2369 567 2432 submersit.
597 2370 680 2429 Tunc
696 2389 774 2446 aqua
789 2373 900 2429 terram
914 2371 958 2429 ita
973 2370 1147 2442 transfudit,

87 2470 114 2516 25
130 2460 210 2536 quod
233 2461 318 2519 velut
332 2459 504 2536 ferruginea
519 2459 598 2519 facta
613 2464 658 2519 est
673 2464 703 2518 91
717 2459 802 2518 firma
818 2462 848 2518 et
863 2459 943 2537 quod
960 2459 991 2517 in
1007 2459 1147 2519 omnibus

127 2548 276 2608 fructibus
304 2569 414 2610 novum
445 2567 567 2608 succum
597 2553 628 2609 et
655 2549 809 2608 fortiorem
838 2568 928 2625 quam
956 2549 1041 2624 prius
1064 2548 1149 2609 dedit

126 2640 158 2696 et
181 2637 262 2715 quod
284 2639 390 2698 vinum
414 2639 523 2710 emisit,
548 2637 629 2714 quod
653 2641 739 2696 antea
761 2656 822 2696 non
845 2638 992 2715 apparuit.
1037 2636 1149 2698 Sedet

128 2727 253 2803 lapides,
288 2729 341 2804 qui
371 2747 440 2786 oum
472 2732 551 2786 terra
583 2727 674 2786 creati
704 2732 775 2785 sunt
802 2729 832 2785 et
860 2728 913 2805 qui
940 2730 1020 2786 terra
1049 2727 1148 2802 operti

128 2820 219 2886 erant,
243 2834 296 2891 per
320 2836 429 2893 aquam
452 2817 602 2876 manifesti
622 2820 692 2875 sunt
707 2820 737 2874 et
752 2819 961 2892 apparuerunt,
977 2820 1008 2875 et
1023 2817 1149 2892 quidam

86 2915 234 2962 3099111111
257 2905 340 2964 scissi
364 2910 443 2979 sunt,
468 2906 522 2982 qui
543 2907 628 2981 prius
650 2906 759 2982 integri
782 2906 913 2968 fuerunt.

195 2995 242 3052 Dc
265 2993 402 3066 lapidum
423 2996 597 3069 piscatione.
630 2993 756 3070 Lapides
780 2997 879 3073 autem
906 3013 959 3054 nec
983 2997 1069 3053 antea
1093 3013 1148 3054 nec

127 3085 230 3156 postea
254 3087 411 3141 creverunt
434 3085 563 3158 exceptis
586 3085 659 3159 illis,
692 3084 799 3159 quiin
826 3082 1000 3142 fluminibus
1027 3083 1148 3160 limpidi

127 3175 158 3230 91
180 3170 296 3249 globosi
327 3175 484 3247 apparent,
517 3174 568 3232 sed
595 3177 714 3232 tantum
742 3192 811 3232 cum
838 3176 919 3232 terra
942 3173 1034 3232 creati
1056 3173 1148 3234 modo

126 3280 179 3337 per
203 3261 353 3322 diluvium
376 3262 500 3321 revelati
523 3266 603 3323 sunt.

84 3361 113 3408 35
194 3352 240 3411 De
262 3353 313 3414 iri.
344 3351 427 3410 Tunc
451 3351 523 3410 deus
546 3353 649 3428 posuit
672 3370 773 3410 arcum
796 3370 885 3411 suum
908 3352 939 3409 in
961 3351 1149 3412 firmamento

128 3441 201 3499 caeli
224 3441 262 3499 ad
285 3441 487 3501 roborandum
505 3441 727 3500 firmamentum
742 3444 772 3499 et
787 3441 825 3500 ad
840 3440 1036 3500 resistendum
1052 3442 1151 3518 aquis.

123 3529 165 3587 111
187 3529 267 3589 idem
292 3549 378 3590 arcus
401 3534 446 3590 est
473 3531 578 3608 igneus
607 3534 637 3590 et
664 3530 776 3590 colores
799 3549 947 3607 aquarum
969 3529 1067 3607 habet,
1092 3531 1149 3608 qui
