2460 3862
330 142 472 199 cassos
490 142 537 198 ror
556 143 679 199 cosor
697 145 765 199 rra.
784 144 818 199 v.
1009 151 1079 228 Ι243

64 331 95 388 et
121 329 241 406 sanguis
263 329 318 387 iste
340 328 452 389 livosus
480 331 532 404 est,
564 331 594 388 ot
625 327 720 388 infans
747 329 803 389 iste
834 329 886 389 diu
916 333 968 407 est,
1001 331 1081 408 quod

64 438 125 478 non
150 417 259 477 incedit
281 418 414 495 pedibus,
436 421 466 478 et
488 418 570 495 quod
592 437 651 477 non
673 419 817 496 loquitur,
841 420 894 479 diu
916 424 969 483 est.

135 509 232 582 Quare
254 508 388 571 homines
410 509 574 568 dormitaret
590 511 821 584 coercitionem
836 514 863 570 ct
876 512 1080 571 minationem.

65 597 152 669 Quod
175 597 309 657 homines
331 601 401 675 post
423 601 556 673 sumptas
579 598 713 674 potiones
729 618 781 659 seu
795 603 864 676 post
878 599 970 660 factas
985 601 1080 660 minu·

63 689 160 748 tiones
185 687 356 761 dormitant,
385 688 440 747 hoc
463 707 498 748 ex
520 688 681 748 inanitione
705 708 846 748 venarum
869 690 975 767 evenit,
1000 690 1107 767 quoda

64 797 133 837 cum
165 797 254 837 venae
276 777 470 837 inanitionem
492 777 653 838 humorum
676 782 706 838 et
729 779 880 857 sanguinis
908 780 938 838 in
966 798 996 839 se
1018 772 1095 839 sans

62 868 153 941 tiunt,
187 867 337 944 quiescere
364 868 470 927 volunt
499 871 529 927 et
559 868 603 927 ita
624 868 712 928 homo
736 869 923 945 repentinum
945 887 1079 947 soporem

63 957 181 1033 arripit.

136 1046 248 1106 Ooatro
269 1063 414 1121 corycom.
460 1045 491 1105 si
513 1066 616 1106 reuma
639 1069 656 1106 a
676 1047 796 1107 naribus
811 1049 959 1124 superflue
974 1047 1078 1122 effluit,

62 1137 165 1195 fumus
196 1136 231 1195 de
259 1136 341 1212 ligno
373 1136 477 1195 abietis
507 1137 629 1197 naribus
656 1137 827 1214 excipiatur,
859 1141 890 1197 et
920 1138 998 1197 fluor
1028 1140 1078 1198 ille
1093 1149 1119 1194 10

62 1227 183 1286 suavius
219 1227 352 1286 solvetur
384 1230 414 1285 et
443 1226 575 1286 cessabit.
628 1224 745 1287 Cineres
778 1247 896 1305 quoque
926 1228 965 1287 de
996 1229 1078 1306 ligno

61 1315 167 1375 abietis
191 1315 265 1375 fiant
287 1318 318 1374 et
340 1334 408 1375 oum
430 1316 490 1375 illis
513 1317 609 1376 lexiva
631 1321 754 1392 paretur
777 1321 807 1376 et
834 1320 924 1394 caput
951 1318 1078 1378 hominis

62 1425 130 1465 oum
153 1405 206 1463 iila
221 1406 346 1478 lavetur,
363 1409 392 1465 et
407 1425 515 1483 pravos
530 1406 668 1466 humores
684 1407 788 1484 capitis
803 1407 913 1467 minuit
929 1427 962 1468 ao
978 1409 1078 1468 oculos

61 1495 211 1556 clarificat.

105 1585 151 1644 Dc
171 1585 301 1656 febriam
323 1587 431 1647 ccasio.
465 1578 603 1665 l)Febrcs
626 1587 727 1646 autem
741 1585 777 1644 de
793 1586 884 1645 nimia
899 1587 1074 1647 dormitione
1091 1597 1118 1642 15

61 1678 115 1733 cut
138 1674 174 1733 de
198 1675 355 1750 superfluis
377 1675 449 1734 cibis
473 1678 503 1734 et
525 1675 645 1751 potibus
669 1675 808 1735 oriuntur
831 1679 884 1736 aut
913 1677 949 1736 de
977 1678 1075 1738 taedio

60 1769 91 1824 et
115 1765 275 1840 otiositate,
300 1784 368 1824 oum
390 1765 479 1824 homo
502 1784 561 1824 non
584 1765 744 1845 operatur]

129 2015 312 2090 [Expliciunt
334 2017 507 2093 prophetiae
531 2018 648 2076 sanctae
670 2016 869 2094 Hildegardis.

128 2104 296 2180 Explicitur
317 2106 372 2165 iste
395 2106 479 2181 liber,
503 2106 631 2183 scriptor
654 2107 694 2166 sit
716 2108 838 2167 crimine
860 2108 945 2170 liber.

127 2193 223 2252 Amen
246 2195 346 2254 dicant
368 2197 490 2270 omnia]

101 2376 104 2381 ’
135 2367 156 2437 Ῑ)
176 2386 201 2422 v.
224 2369 327 2424 15-17
346 2394 382 2416 --
399 2389 427 2441 p.
448 2371 582 2437 lotar-eo.
