2460 3862
134 133 196 194 110
284 96 287 103 ’
520 127 763 184 1111111111

131 312 257 370 multam
280 310 475 388 fragilitatem
498 311 529 369 in
552 330 582 370 se
605 314 677 371 tuuc
699 310 817 387 habent,
840 329 910 371 cum
933 310 1031 371 adhuc
1052 313 1154 372 infans

131 403 188 475 est,
220 403 251 459 61
274 401 415 476 quoniam
438 419 546 477 magna
568 399 715 460 fortitudo
738 401 770 459 in
792 400 911 460 homine
937 403 997 477 est,
1029 419 1102 461 cum
1125 421 1156 462 se

130 492 230 549 totum
253 507 371 548 sursum
400 489 489 567 erigit
516 489 554 547 111
585 488 814 562 ambulandum
850 490 931 565 quod
961 493 1061 575 161611
1095 491 1155 550 ani·

130 578 220 637 malia
242 597 301 637 non
324 578 446 653 faciunt,
478 578 619 654 quoniam
648 578 701 638 illa
732 597 801 638 cum
831 581 901 637 nata
931 579 1053 654 fuerint,
1086 600 1155 640 mox

104 666 257 743 apedibus
281 667 341 726 suis
363 666 513 727 incedunt.
559 667 598 725 st
620 666 676 726 hoc
697 668 764 727 ideo
787 670 845 743 est,
875 667 947 744 quia
974 668 1013 727 111
1039 672 1155 728 terram

129 775 224 832 prona
245 756 386 815 inclinata
409 758 487 828 sunt,
510 757 593 815 velut
613 756 702 815 etiam
716 757 813 816 infans
827 756 964 816 manibus
979 760 1010 816 61
1026 758 1155 833 pedibus

129 848 237 920 reptat,
260 848 419 922 antequam
440 845 477 904 ad
498 844 711 904 ambulandum
733 863 763 905 se
785 864 905 904 sursum
920 846 1034 922 erigere
1049 849 1155 923 possit.

130 934 186 993 Sed
218 938 318 993 tamen
348 934 483 1010 quamvis
511 934 650 993 animalia
676 953 745 994 mox
772 938 843 994 nata
870 933 995 1011 pedibus
1027 954 1058 995 se
1092 955 1155 996 sus·

130 1026 252 1095 tentent,
276 1023 376 1082 sedere
398 1026 496 1081 temen
519 1042 577 1082 non
599 1027 734 1099 possunt,
757 1024 835 1082 sicut
857 1024 953 1084 infans
968 1023 1058 1097 sedet,
1084 1043 1154 1084 cum

89 1124 117 1168 10
131 1112 261 1172 nondum
285 1131 376 1189 supra
398 1112 486 1188 pedes
509 1131 578 1172 suos
600 1131 630 1171 se
653 1113 766 1189 erigere
788 1116 894 1189 potest.
938 1113 978 1172 111
1001 1114 1075 1190 quic
1091 1115 1152 1173 nni·

128 1202 216 1260 malin
238 1201 445 1260 fortitudinem
467 1201 499 1259 in
522 1201 658 1260 cruribus
681 1202 765 1260 etin
787 1201 912 1277 pedibus
934 1200 1056 1277 habent,
1086 1203 1153 1263 ideo

128 1293 197 1350 nats
220 1309 287 1349 mox
310 1289 460 1353 incedunt.
505 1289 562 1350 Sed
586 1290 727 1367 quoniam
749 1290 838 1350 homo
861 1290 897 1350 de
919 1290 1064 1351 umbilico
1088 1310 1152 1352 sur·

128 1399 194 1438 snm
217 1379 425 1438 fortitudinem
447 1378 545 1454 habet,
568 1382 598 1438 et
622 1379 693 1455 quic
714 1380 746 1438 in
768 1378 894 1455 pedibus
912 1383 942 1439 et
955 1381 987 1438 in
1002 1381 1152 1458 cruribus,

128 1469 201 1527 dum
223 1468 319 1527 infans
342 1472 394 1544 est,
417 1468 522 1528 debilis
545 1469 667 1543 exsistit,
690 1468 799 1528 idcirco
823 1471 895 1527 tunc
918 1468 1070 1529 ambulare
1094 1490 1152 1531 uon

90 1569 117 1613 15
131 1561 238 1634 potest.

198 1647 281 1719 Quod
303 1647 387 1706 bomo
410 1663 473 1706 non
495 1650 589 1709 notat.
635 1645 692 1706 Sed
716 1647 788 1723 quia
809 1647 898 1706 homo
921 1647 1022 1725 graus
1049 1653 1098 1708 est
1123 1650 1154 1708 11

131 1753 262 1810 corpore,
286 1740 316 1795 61
338 1735 475 1795 manibus
498 1739 641 1811 operatur
664 1738 694 1794 61
717 1735 842 1812 pedibus
863 1736 972 1795 incedit
987 1740 1017 1795 et
1032 1755 1154 1798 sursum

130 1827 245 1883 erectus
268 1826 320 1900 est,
344 1827 374 1882 et
397 1825 468 1900 quin
491 1825 581 1883 etiam
603 1843 657 1883 nec
679 1825 811 1882 multum
835 1844 937 1884 aereus
952 1843 1005 1885 nec
1020 1845 1154 1903 aquosus

131 1916 182 1984 est,
216 1912 282 1972 ideo
305 1916 411 1972 natura
435 1914 498 1973 eius
520 1932 579 1972 non
610 1913 707 1985 habet,
741 1917 777 1972 111
809 1914 841 1973 in
868 1933 946 1991 aqua
972 1918 1063 1990 natet,
1098 1917 1154 1976 nisi

86 2013 115 2058 1ο
130 2002 293 2061 secundum
324 2001 388 2077 hoc,
424 2002 505 2078 quod
537 2002 689 2060 interdum
723 2021 776 2078 per
803 2021 833 2063 se
857 2003 953 2066 discit.
999 2003 1151 2064 Animalia

126 2109 197 2150 vero
221 2091 428 2150 fortitudinem
450 2093 481 2149 in
505 2091 641 2151 cruribus
664 2091 774 2150 habent
796 2095 826 2150 et
848 2111 942 2168 prona
956 2093 1101 2153 incedunt
1123 2097 1152 2154 et

127 2180 212 2239 velut
235 2183 323 2239 vento
346 2181 377 2238 11
400 2179 538 2239 eruribus
553 2180 714 2255 vehuntur,
739 2181 851 2241 ntideo
866 2182 1045 2241 naturaliter
1061 2203 1150 2259 quae·

128 2270 196 2328 dnm
219 2288 324 2329 eorum
346 2272 447 2328 natare
470 2273 608 2345 possunt,
638 2270 709 2345 quin
730 2273 767 2328 ut
789 2270 820 2327 11
842 2273 924 2330 terra
951 2290 1046 2347 prona
1072 2273 1150 2333 ince-

127 2358 209 2432 dunt,
241 2359 284 2418 ita
314 2359 404 2417 etiam
434 2359 465 2416 iu
489 2378 566 2434 aqua
588 2377 684 2435 prona
714 2361 824 2431 natant
860 2360 941 2436 quod
970 2360 1059 2420 homo
1092 2381 1151 2422 non

84 2457 113 2503 15
126 2447 207 2522 facit,
240 2449 382 2524 quonia-m
413 2450 495 2506 totus
527 2450 642 2507 erectus
675 2448 786 2507 incedit
818 2451 849 2508 et
882 2467 913 2508 se
946 2449 1091 2509 inclinans
1124 2457 1153 2511 et

125 2541 312 2614 prosternens
334 2540 425 2596 natat.

190 2626 235 2685 Dc
257 2627 404 2687 uberibus.
451 2624 536 2685 Girca
562 2625 739 2685 umbilicum
766 2645 837 2686 vero
864 2626 1006 2702 mulieris
1034 2628 1149 2688 scilicet

126 2715 262 2791 superius
287 2718 316 2774 et
337 2715 462 2774 inferius
478 2714 662 2789 umbilicum,
679 2715 823 2790 quaedam
837 2717 962 2775 16111116
977 2734 1007 2774 se
1023 2716 1151 2778 invicem

125 2805 311 2880 complicent,
324 2823 453 2880 quarum
469 2803 614 2880 quaedam
634 2822 752 2863 sursum
768 2804 805 2862 ad
820 2804 913 2864 ubera
928 2823 958 2864 se
974 2806 1149 2881 extendunt,

85 2903 113 2949 so
127 2893 272 2968 quaedam
318 2893 455 2952 deorsum
479 2893 516 2951 ad
532 2893 685 2952 matricem
700 2893 890 2970 descendunt,
913 2897 944 2953 61
958 2893 1033 2953 istae
1048 2913 1149 2955 omnes

125 2981 161 3039 de
185 2999 272 3041 succo
296 2982 430 3040 ciborum
454 2984 484 3040 et
507 2986 635 3057 potuum
658 2983 852 3058 repletionem
867 2983 990 3060 capiunt
1005 2986 1036 3042 et
1051 2985 1148 3044 nutri·

124 3073 226 3142 untur,
249 3071 317 3129 illae
340 3074 439 3129 tamen
462 3072 565 3147 magis,
589 3090 664 3147 quae
687 3072 725 3130 ad
740 3073 840 3147 ubera,
864 3092 955 3148 quam
969 3072 1046 3148 11116,
1071 3093 1148 3150 queo

124 3159 160 3219 111
190 3160 345 3219 matricem
377 3159 586 3221 extenduntur.
639 3159 763 3219 Interim
798 3164 899 3220 autem
933 3161 1006 3220 dum
1038 3164 1148 3222 mulier

123 3249 225 3326 puella
247 3252 300 3322 est,
323 3247 416 3308 ubera
439 3249 466 3307 ei
489 3253 633 3325 crescunt,
656 3268 752 3326 usque
768 3251 840 3309 dum
855 3250 987 3325 venulae,
1011 3270 1089 3326 quae
1112 3252 1150 3312 nd

82 3347 111 3394 35
124 3339 278 3398 matricem
310 3338 518 3412 extenduntur,
550 3339 664 3398 rivulos
696 3343 917 3399 menstruorum
941 3340 1087 3414 educunt;
1119 3347 1149 3401 61

124 3433 197 3489 tunc
220 3446 348 3488 crescere
372 3427 525 3500 desistunt,
548 3431 668 3503 excepto
692 3428 773 3504 quod
796 3432 897 3505 postea
916 3429 1001 3488 velut
1019 3431 1146 3508 spongia

120 3517 272 3577 interdum
295 3518 457 3594 replentur.
