2460 3862
167 151 210 211 50
554 141 800 200 menusanum

166 350 232 390 aere
248 329 393 402 auditum,
417 329 453 388 de
476 348 555 405 aqua
576 330 737 390 motionem
761 333 853 407 atqua
876 328 912 388 de
933 331 1015 389 terra
1029 329 1187 392 incessum.

166 420 205 480 Et
227 420 264 479 nt
285 419 414 478 mundus
435 419 467 477 in
489 419 687 495 prosperitate
709 421 766 494 est,
797 437 866 480 cum
893 419 1037 478 elementa
1059 419 1134 478 bene
1156 421 1187 478 et

167 509 302 570 ordinate
327 508 426 569 officia
449 527 502 568 sua
525 511 666 583 exercent,
690 509 733 568 ita
749 509 829 585 quod
845 507 932 583 calor,
954 526 1004 568 ros
1027 510 1058 567 et
1079 509 1186 583 pluvia

166 599 343 677 singillatim
374 600 405 657 et
436 597 587 657 moderate
617 599 648 657 in
677 603 810 675 tempore
841 616 895 657 suo
928 615 958 656 se
987 597 1128 656 dividunt
1149 615 1186 656 ac

137 687 345 748 5descondunt
377 686 415 746 ad
436 687 611 762 temperiem
637 690 735 747 terrae
763 690 794 746 et
821 687 978 747 fructuum
1000 690 1031 746 et
1051 687 1186 746 multum

166 777 301 837 fructum
323 779 353 836 et
375 777 532 836 sanitatem
554 776 694 850 afferunt;
726 777 881 854 quoniam,
911 776 937 835 si
959 776 1049 835 simul
1077 778 1109 835 et
1136 794 1182 834 re-

166 869 255 944 pente
278 884 312 926 ac
333 883 393 924 non
415 866 447 924 in
470 868 602 941 tempora
626 883 680 928 suo
703 870 918 941 superterram
933 865 1078 942 caderent,
1101 867 1185 924 terra

166 955 381 1016 discinderetur
403 973 438 1014 ao
460 955 576 1014 fructus
592 955 656 1014 eius
676 958 706 1015 et
725 956 835 1015 sanitas
855 955 1003 1015 interiret:
1027 955 1069 1014 sic
1084 955 1184 1027 etiarn,

166 1065 234 1105 cum
257 1045 402 1105 elementa
424 1044 558 1104 ordinate
581 1045 613 1103 in
635 1044 754 1104 homine
778 1047 947 1121 operantur,
976 1063 1045 1103 eum
1068 1062 1183 1103 conser-

126 1144 153 1190 1o
166 1137 238 1194 vent
260 1137 291 1194 et
318 1152 423 1194 sanum
450 1133 592 1209 reddunt3
622 1134 674 1193 sed
697 1153 765 1194 cum
788 1135 820 1193 in
843 1152 877 1193 eo
900 1133 1080 1209 discordent,
1114 1152 1183 1192 eum

164 1224 316 1283 infirmum
339 1222 453 1281 faciunt
479 1226 510 1282 et
537 1223 684 1285 occidunt.
729 1222 806 1282 Nam
829 1223 1050 1300 coagulationes
1078 1221 1183 1283 humo·

165 1333 234 1372 rum
250 1332 267 1372 a
282 1312 385 1388 calore,
408 1311 595 1388 humiditate,
619 1313 763 1389 sanguine
786 1315 817 1372 et
838 1332 856 1371 a
877 1331 963 1372 carne
986 1311 1185 1371 inhominem

166 1401 372 1462 descendentes
402 1403 432 1460 et
458 1401 489 1460 in
521 1420 555 1461 eo
588 1403 758 1477 existentes,
798 1403 824 1461 si
859 1420 928 1460 cum
961 1401 1184 1477 tranquillitate

166 1494 197 1551 et
219 1491 299 1550 iusto
322 1493 555 1565 temperamento
578 1492 677 1551 inille
694 1494 864 1566 operantur,
888 1490 1044 1550 sanitatem
1059 1489 1183 1563 habent;

125 1581 190 1640 15ai
213 1583 313 1640 autam
336 1599 405 1639 eum
427 1580 516 1639 simul
538 1580 694 1640 indiscrete
717 1583 847 1657 tangunt
874 1583 904 1639 et
931 1598 1021 1656 super
1049 1599 1121 1638 eum
1151 1579 1183 1638 in

166 1670 373 1745 superfluitate
387 1668 505 1746 cedunt,
516 1669 605 1728 illum
616 1668 743 1730 debilem
753 1669 868 1728 faciunt
880 1673 909 1728 et
921 1669 1070 1731 occidunt.
1095 1667 1184 1728 Galor

166 1759 245 1818 enim
260 1777 293 1818 ae
307 1758 471 1817 humiditas
496 1761 568 1833 (et)
591 1760 711 1836 sanguis
726 1763 756 1818 et
771 1777 838 1818 earo
854 1761 977 1834 propter
992 1757 1182 1835 transgressi·

166 1866 252 1907 onem
274 1847 357 1906 Adae
379 1849 409 1905 in
433 1847 580 1907 contraria
601 1849 741 1925 flegmata
762 1849 794 1906 in
816 1848 935 1906 homine
958 1849 1074 1905 mutata
1102 1850 1183 1907 sunt

234 1939 281 1998 De
300 1937 447 2012 flecmatis
469 1937 645 2002 diuersitate.
679 1936 754 1996 Nam
776 1937 813 1996 ab
836 1937 924 2014 igneo
948 1936 1046 1996 calore
1068 1936 1184 1996 siccum
1224 2004 1226 2010 ¹

125 2036 152 2082 11
166 2029 196 2085 11
218 2024 254 2083 ab
277 2044 363 2085 aerea
385 2025 563 2085 humiditate
590 2025 747 2085 humidum
775 2045 809 2086 ao
836 2024 872 2084 ab
900 2043 1012 2103 aquoso
1035 2026 1184 2102 sanguine

166 2115 367 2192 spumaticum
393 2118 423 2174 et
453 2134 470 2172 a
496 2118 613 2174 terrena
640 2134 726 2175 111111
752 2116 889 2191 tepidum
917 2116 1025 2192 flegma
1047 2115 1184 2174 trahitur

166 2208 196 2264 et
219 2204 373 2267 excitetur.
411 2203 497 2263 Etsi
520 2204 643 2280 aliquod
665 2205 792 2264 istorum
816 2205 1052 2279 supramodum
1076 2204 1184 2264 crescit

165 2295 196 2353 in
218 2294 346 2370 homine,
369 2294 412 2351 ita
436 2292 516 2370 quod
539 2292 576 2351 ab
600 2294 657 2353 alio
679 2313 739 2353 non
754 2294 952 2369 compescitur
964 2312 1017 2352 nec
1031 2295 1180 2368 tempera·

165 2387 226 2460 tur,
248 2383 399 2442 hominem
425 2382 526 2458 perdit
553 2386 583 2441 11
610 2382 760 2456 (1111111111;
792 2384 817 2442 11
845 2402 916 2443 vero
948 2382 1182 2459 unumquidque

124 2481 152 2527 se
165 2473 287 2533 modum
310 2490 398 2532 suum
421 2474 499 2531 recte
527 2475 636 2544 servat,
668 2473 712 2532 ita
743 2472 824 2549 quod
855 2471 947 2531 etiam
978 2471 1020 2531 sic
1051 2472 1086 2530 ab
1122 2472 1182 2531 alio

165 2565 357 2638 temperatur,
381 2561 462 2639 quod
476 2565 556 2621 recte
570 2580 738 2621 mensuram
753 2580 838 2621 suam
852 2560 961 2620 habere
984 2560 1183 2636 compellitur,

163 2652 314 2711 hominem
336 2670 441 2711 sanum
463 2652 594 2711 continet
617 2654 647 2710 11
669 2651 776 2710 reddit.
822 2649 899 2710 Oum
925 2650 1005 2709 enim
1031 2669 1127 2708 unum
1150 2650 1183 2709 iu

166 2741 294 2799 dominio
327 2741 482 2816 potestatis
509 2741 727 2817 superexcellit,
760 2740 843 2799 aliud
870 2739 941 2798 huic
971 2740 1003 2798 iu
1034 2739 1182 2800 servitute

165 2828 309 2905 subiacet,
341 2832 431 2906 atque
458 2830 575 2906 reliqua
609 2831 669 2890 dno
701 2849 770 2889 cum
800 2830 895 2889 livore
929 2828 1080 2889 moderate
1111 2827 1181 2888 sub·

124 2920 340 2994 assequuntur,
364 2919 458 2977 etsie
479 2919 568 2977 home
591 2919 623 2978 in
645 2919 864 2996 tranquillitate
888 2919 1020 2995 corporis
1043 2921 1095 2977 est

231 3007 276 3066 Dc
307 3007 491 3068 humoribus.
545 3007 620 3067 Nam
654 3028 723 3068 oum
761 3011 891 3084 quatuor
922 3010 993 3066 sunt
1030 3007 1181 3084 humores,

165 3096 225 3155 duo
251 3097 458 3171 praecellentes
482 3098 622 3174 flegmata
646 3098 799 3170 dicuntur,
830 3100 860 3157 et
883 3097 943 3155 duo
968 3096 1181 3174 subsequentes

165 3185 305 3246 dicuntur
327 3186 445 3249 livores.
489 3184 702 3264 Unusquisque
727 3183 826 3246 antem
847 3187 968 3258 humor,
999 3186 1053 3262 qui
1075 3205 1182 3263 snper·

164 3275 294 3335 eminens
317 3278 374 3351 est,
405 3276 575 3352 proximum
597 3294 627 3335 sa
650 3275 878 3354 subsequentem
901 3278 1010 3352 quarta
1036 3279 1123 3352 parte
1152 3278 1185 3335 et

122 3374 151 3421 at
164 3365 289 3424 dimidia
310 3367 395 3440 parte
417 3365 523 3424 tertiae
545 3365 640 3441 partis
663 3369 796 3442 superat3
820 3369 850 3424 et
872 3366 931 3441 ille,
956 3365 1010 3442 qui
1030 3365 1184 3425 subiectus

165 3457 218 3525 est,
241 3454 315 3513 duas
337 3458 437 3529 partes
451 3473 486 3514 ac
499 3455 646 3532 reliquam
660 3458 777 3531 partem
791 3454 898 3515 tertiae
913 3454 1008 3531 partis
1022 3457 1182 3531 temperat,

154 3561 195 3599 ne
230 3543 355 3602 modum
389 3562 479 3605 sunm
514 3548 654 3609 transeat.
709 3543 768 3616 oui
804 3544 882 3603 enim
920 3544 1034 3620 primus
1073 3543 1186 3604 humor
