2460 3862
129 160 170 220 62
515 152 761 210 HILDllGARDIS

101 317 103 335 Ι
128 357 219 399 venae
242 340 342 398 tantm
369 336 555 398 fortitudinis
583 338 673 415 liunt,
701 337 783 416 quod
812 338 987 415 sanguinem
1019 337 1150 398 retinere

127 431 260 505 possunt.
305 427 345 486 Et
371 432 444 487 tunc
470 427 567 487 infans
589 431 684 487 matre
712 427 855 487 sentiente
877 431 1027 503 movetur,
1060 427 1151 504 quasi

127 520 248 593 repente
276 517 444 590 suscitetur,¹
468 536 502 576 ac
537 516 642 577 deinde
679 534 794 593 semper
828 516 947 576 mobilis
984 506 1149 593 permanet.

128 605 215 680 Nam,
246 609 283 665 nt
304 605 490 682 praedictum
512 609 569 682 est,
603 607 705 666 vivens
733 608 851 682 ventus,
884 606 937 682 qni
967 607 1065 664 anima
1094 608 1149 682 est,

101 709 183 772 sper
205 697 389 756 voluntatem
411 695 622 772 omnipotentie
651 695 697 755 dei
723 696 852 772 figurem
879 695 967 754 istam
995 694 1090 754 intrat
1117 698 1150 756 at

44 805 46 811 ⁸
128 804 193 844 eam
214 784 314 844 firmat
340 785 521 862 vitalemque
549 784 621 843 facit
651 803 685 844 ac
710 785 743 843 in
771 786 836 860 ipsa
865 785 1000 860 undique
1027 785 1148 861 circuit,

126 875 212 933 velut
233 874 355 945 vermis,
384 875 437 950 qui
460 874 588 934 sericum
609 873 697 946 texit,
729 874 844 950 inquo
871 877 908 932 ut
929 874 961 932 in
984 874 1073 932 domo
1097 873 1148 933 ob·

126 963 242 1040 tegitur
265 967 295 1022 et
317 963 491 1024 includitur.
530 963 632 1039 Atque
654 963 749 1023 sicin
771 962 827 1022 hac
848 963 948 1040 figura
970 963 1068 1038 sentit,
1093 962 1149 1022 ubi

127 1053 225 1111 anima
248 1052 350 1124 dividi,
373 1052 525 1112 incurvari
548 1055 578 1112 et
599 1052 737 1111 inclinari
759 1054 867 1128 potest,
890 1055 920 1112 et
941 1052 1031 1112 etiam
1046 1052 1149 1112 omnia

4 1198 6 1207 .
89 1153 117 1199 10
129 1143 194 1201 loca
227 1160 371 1202 venarum
403 1141 570 1201 considerat
605 1144 635 1200 et
670 1142 802 1218 primum
842 1141 920 1218 ipsas
955 1141 1083 1200 exsiccat
1115 1141 1149 1201 in

127 1230 251 1290 modum
279 1249 366 1290 mvsa
393 1230 567 1290 harundinis
598 1249 633 1290 ac
659 1248 707 1289 eas
734 1231 814 1290 carni
846 1230 960 1308 infigit,
995 1249 1086 1305 qnam
1113 1230 1147 1289 in

126 1319 267 1380 ruborem
289 1320 441 1397 sanguinis
465 1320 562 1380 calore
584 1320 662 1398 ignis
685 1321 733 1380 sui
756 1320 912 1396 convertit,
941 1319 1022 1396 quod
1045 1319 1148 1378 anima

46 1412 49 1417 ’
126 1409 204 1487 ignis
227 1411 284 1481 est;
307 1409 387 1468 unde
409 1413 440 1470 et
462 1409 622 1486 spiramine
644 1427 698 1468 suo
721 1411 816 1469 totam
831 1409 961 1486 figuram
975 1408 1058 1466 illam
1075 1428 1147 1485 per·

128 1499 241 1575 fundit,
273 1499 352 1558 siout
374 1502 405 1558 et
426 1502 491 1559 tota
514 1499 620 1558 domus
642 1518 696 1575 per
722 1499 834 1576 ignem,
869 1499 922 1574 qui
950 1499 981 1556 in
1007 1497 1074 1573 ipsa
1102 1497 1147 1574 fit,

86 1602 113 1647 15
125 1588 323 1659 illuminatur,
348 1592 380 1649 et
402 1606 502 1647 omnes
524 1608 614 1648 venae
636 1588 703 1647 loca
725 1606 788 1663 aua,
813 1587 923 1664 quibus
946 1589 1148 1663 eontinentur,

125 1678 267 1753 retinent,
300 1680 336 1736 ut
363 1679 455 1737 etiam
483 1680 564 1736 terra
591 1697 659 1737 oum
689 1677 775 1754 equis
807 1678 986 1737 continetur.
1036 1674 1149 1735 Anima

127 1769 226 1825 autem
246 1768 391 1827 ⁴omnibus
422 1767 487 1826 istis
515 1767 675 1842 praedictis
705 1769 741 1825 ut
774 1766 861 1826 vivus
890 1785 940 1825 aer
970 1765 1148 1842 sanguinem

125 1855 217 1914 fluere
249 1855 359 1916 faciens
391 1859 446 1931 est,
479 1874 513 1915 ac
544 1875 662 1915 carnem
694 1875 762 1915 cum
796 1856 957 1934 sanguineo
989 1855 1085 1914 livore
1114 1855 1148 1913 in

125 1945 228 2003 sedula
255 1944 434 2004 humiditate
458 1944 616 2022 contrahit,
640 1946 718 2005 sicut
741 1963 807 2004 esca
828 1963 883 2022 per
905 1945 1005 2021 ignem
1028 1944 1059 2002 in
1084 1944 1147 2003 olla

84 2034 279 2110 recoquitur,
303 2037 334 2094 et
357 2052 423 2095 ossa
446 2033 595 2094 confortat
611 2053 717 2110 easque
732 2035 764 2093 in
784 2053 885 2093 carnes
901 2034 976 2110 figit,
1001 2034 1146 2109 quatinus

126 2123 245 2181 eaedem
269 2142 368 2183 earnes
391 2143 445 2200 per
466 2124 520 2181 illa
535 2125 745 2200 sustineantur,
768 2143 804 2183 ne
828 2124 974 2195 deficiant,
999 2122 1142 2198 quemad·

125 2211 248 2271 modum
275 2212 363 2272 homo
395 2213 516 2272 domum
541 2233 625 2274 suam
656 2213 747 2290 lignis
774 2213 921 2288 aedificat,
952 2231 989 2271 ne
1012 2211 1145 2271 cadendo

126 2301 307 2363 destruatur.
346 2302 387 2361 Et
408 2303 491 2363 istud
514 2304 660 2362 secundus
687 2303 795 2362 mensis
823 2306 879 2378 eet,
909 2302 941 2359 in
969 2320 1028 2377 quo
1055 2320 1144 2376 prae·

126 2389 205 2450 dicta
227 2391 325 2469 figura
347 2393 378 2450 in
401 2392 551 2451 defectum
574 2395 604 2451 et
626 2393 795 2468 profectum
817 2393 907 2450 lunae
934 2409 988 2466 per
1010 2391 1146 2449 animam

84 2491 112 2536 25
125 2481 326 2544 confirmatur.
360 2480 477 2556 Anima,
501 2480 583 2558 quod
605 2482 637 2539 in
659 2482 741 2541 venis
758 2485 809 2552 est,
834 2482 890 2556 [et]
915 2499 984 2539 cum
999 2480 1146 2556 sanguine

125 2588 225 2629 carnes
249 2575 280 2630 et
303 2589 368 2631 ossa
391 2571 534 2647 complet,
570 2569 652 2646 qnod
674 2571 844 2646 profectum
869 2569 959 2628 lunae
986 2568 1145 2645 significat.

126 2659 211 2730 Quod
235 2663 335 2719 autem
355 2661 486 2719 nondum
501 2679 532 2720 se
548 2678 667 2719 movere
681 2663 788 2736 potest,
810 2659 868 2718 hoo
882 2658 1030 2718 defectum
1052 2658 1145 2717 lunae

126 2749 269 2825 designat.
304 2748 351 2808 Sic
371 2750 469 2808 anima
491 2751 522 2808 in
545 2749 642 2826 ligura
664 2749 723 2808 ista
744 2749 853 2807 residet
882 2747 1039 2823 omniaque
1068 2746 1144 2819 loca,

126 2856 193 2897 cnm
217 2838 326 2913 quibus
353 2839 418 2914 ipsa
441 2858 531 2916 opera
553 2839 650 2914 faciet,
673 2838 801 2914 inspicit,
826 2836 966 2913 quonism
991 2853 1021 2894 se
1045 2839 1145 2896 totam

83 2937 112 2982 30
125 2927 247 2985 eandem
274 2926 403 3004 figuram
430 2931 579 2989 moturam
607 2928 711 3003 sentit,
744 2928 823 2986 sicut
845 2929 911 2986 rota
939 2925 1146 2985 molendinum

125 3015 251 3074 circuire
274 3016 354 3076 facit.
396 3018 436 3076 Et
457 3018 513 3077 hoo
535 3018 699 3077 secundum
722 3035 844 3076 cursum
872 3014 943 3075 solis
970 3014 1002 3073 in
1030 3015 1144 3074 circulo

124 3123 178 3164 suo
201 3105 314 3181 incipit.
356 3104 431 3164 Nom
453 3110 490 3166 ut
512 3107 558 3166 sol
580 3107 612 3165 in
634 3125 719 3165 mane
744 3105 886 3177 exoritur,
910 3107 941 3163 et
962 3107 999 3164 ut
1021 3121 1145 3164 cursum

125 3213 212 3253 sunm
245 3214 263 3253 a
292 3214 378 3254 mane
410 3196 441 3254 in
472 3196 606 3272 tertiam,
641 3215 658 3254 a
688 3195 777 3255 tertia
807 3196 839 3253 in
862 3196 988 3269 sextam,
1021 3196 1145 3253 asarta

124 3284 155 3342 in
182 3302 302 3357 nonam,
335 3304 352 3342 a
378 3302 456 3343 nona
478 3285 509 3344 in
536 3302 690 3360 vesperum
712 3283 879 3360 protendit,
907 3282 949 3342 sic
972 3284 1001 3342 et
1023 3282 1090 3359 ipsa
1112 3283 1145 3342 in

83 3382 111 3428 85
125 3374 219 3433 oeulis
234 3374 325 3445 sedet,
348 3376 384 3432 nt
398 3374 466 3433 illos
481 3393 535 3450 per
549 3373 693 3434 fenestras
713 3373 839 3433 videndo
859 3374 957 3432 lucem
976 3375 1145 3448 praeparet,

126 3465 156 3522 et
179 3463 267 3522 etiam
290 3462 321 3520 in
344 3466 470 3539 pectore,
493 3466 529 3522 ut
545 3462 774 3541 cogitationibus
790 3463 914 3523 circuire
936 3460 1021 3520 illam
1043 3460 1145 3533 faciat,

117 3551 199 3608 acin
215 3552 312 3627 corde,
335 3552 477 3628 quatinus
497 3553 581 3612 illam
597 3571 665 3612 oum
685 3552 808 3613 scientia
822 3552 923 3611 volare
944 3550 1089 3624 ostendat,
1112 3551 1145 3610 in
