2460 3862
125 138 166 197 96
511 129 760 186 Hmoacslcols

124 319 154 374 et
176 316 314 374 immittit
336 318 366 374 et
388 333 436 374 eas
460 315 547 390 quasi
569 333 623 391 per
645 314 787 374 fenestras
814 314 979 374 considerat
1007 333 1042 374 ac
1064 314 1142 375 vires

122 424 223 463 earum
247 405 331 464 velut
354 422 472 463 accenso
495 403 565 480 igne
588 403 626 462 ad
649 403 803 463 cerebrum
825 404 910 463 velut
926 403 964 463 ad
978 403 1143 463 fumarium

122 493 297 568 transducit,
320 497 356 551 ut
379 512 427 552 eas
449 492 492 551 ibi
515 491 705 552 discernendo
726 492 875 553 disentiat.
907 492 939 552 Si
955 493 1034 552 enim
1053 491 1142 553 homo

123 583 316 660 cogitationes
337 601 396 641 non
418 581 549 653 haberet,
572 582 724 641 scientiam
746 600 806 640 non
827 580 963 654 haberet,
993 582 1047 642 sed
1069 585 1144 642 esset

81 685 97 730 5
122 675 159 730 ut
181 672 294 745 domus,
330 690 407 747 quae
434 690 486 730 nec
510 671 631 730 ianuam
657 689 710 730 nec
739 671 881 730 fenestras
903 690 957 731 nec
978 671 1143 731 fumarium

121 759 220 822 habet.
259 758 458 838 Cogitationes
481 763 581 819 autem
603 760 742 820 scientiae
764 759 836 819 boni
858 763 889 820 et
910 760 982 819 mali
1006 763 1143 822 auctores
1171 822 1174 831 ,

123 853 245 910 suntet
269 849 416 909 ordinatio
441 850 572 908 omnium
596 868 705 921 rerum,
734 848 856 909 ethaeo
879 848 1077 927 cogitationes
1099 849 1141 909 di·

123 942 240 1000 cuntur.
276 937 351 997 Nam
366 938 561 1016 cogitationes
577 942 712 998 auctores
727 941 798 997 sunt
812 939 962 1014 bonitatis,
982 939 1143 1015 sapientiae

123 1031 153 1087 et
175 1028 315 1087 vanitatis
340 1047 373 1087 ac
395 1027 546 1102 similium,
577 1030 613 1085 ut
645 1026 682 1085 de
709 1028 795 1086 corde
827 1028 921 1086 malsc
948 1028 1143 1105 cogitationes

83 1129 110 1173 10
124 1120 240 1192 exeunt,
264 1120 294 1175 et
316 1116 372 1175 hoc
395 1119 439 1176 est
461 1117 557 1178 ianua.
588 1117 627 1175 Et
642 1116 708 1175 ideo
725 1115 761 1174 de
778 1115 866 1175 corde
881 1117 941 1176 iter
956 1118 1095 1193 procedit
1108 1116 1144 1176 ad

125 1206 275 1281 elementa,
308 1225 377 1264 cum
401 1205 510 1282 quibus
532 1204 621 1265 homo
644 1209 797 1281 operatur,
828 1205 909 1281 quod
938 1207 1063 1282 cogitat.
1107 1206 1145 1266 111

124 1296 201 1355 vires
225 1295 441 1372 cogitationum
470 1294 506 1353 ad
539 1294 692 1353 cerebrum
726 1294 897 1362 ascendunt.
930 1298 960 1354 et
991 1295 1144 1355 cerebrum

126 1403 173 1443 eas
196 1385 334 1454 continet,
359 1384 441 1460 quod
465 1383 618 1443 cerebrum
640 1387 686 1442 est
707 1383 870 1442 humiditas
891 1385 986 1444 totius
1003 1386 1145 1460 corporis,

126 1472 377 1550 quemadmodum
399 1491 449 1533 ros
473 1473 571 1531 omnia
592 1473 753 1533 humectat.
798 1471 874 1532 Cum
897 1477 998 1532 autom
1023 1474 1145 1550 quidam

83 1575 111 1620 15
124 1563 195 1620 mali
218 1566 249 1622 et
271 1563 376 1621 foetidi
398 1562 538 1621 humores
561 1562 592 1620 in
621 1560 741 1621 homine
772 1562 962 1638 suscitantur,
997 1562 1145 1639 quendam

123 1639 244 1710 noxium
267 1652 386 1709 fumum
409 1650 446 1709 ad
469 1651 622 1710 cerebrum
646 1651 795 1710 emittunt.

192 1740 237 1799 Dc
246 1741 402 1814 pulmonis
417 1741 523 1800 dolore.
556 1739 641 1798 Unde
657 1738 809 1799 cerebrum
826 1744 1008 1799 commotum
1020 1741 1146 1801 eundem

125 1829 242 1886 fumum
265 1849 319 1905 per
341 1829 484 1905 quasdam
507 1848 594 1889 venas
618 1829 655 1888 ad
678 1828 850 1905 pulmonem
879 1829 962 1889 ducit
988 1834 1021 1890 et
1048 1830 1146 1906 ipsum

125 1918 228 1989 inficit,
257 1918 300 1975 ita
323 1919 402 1993 quod
425 1918 613 1994 aliquantum
636 1919 759 1977 inflatur
781 1922 811 1978 et
834 1918 915 1995 quod
935 1918 1065 1978 halitum
1094 1920 1144 1978 ali·

82 2018 111 2063 20
125 2006 306 2082 quantulum
322 2007 442 2066 difficile
457 2006 569 2066 emittit
584 2010 614 2066 et
630 2006 712 2084 quod
728 2007 755 2065 ei
770 2007 882 2066 malum
899 2007 1020 2068 odorem
1039 2009 1147 2071 reddit.

124 2095 180 2155 Sed
203 2095 274 2154 haec
297 2096 409 2155 inflatio
425 2098 574 2171 pulmonis
594 2116 653 2155 non
668 2097 799 2156 multum
814 2097 981 2173 periculosa
997 2101 1051 2172 ast,
1076 2099 1147 2175 quia

125 2185 213 2245 facile
237 2185 337 2243 curari
358 2188 466 2261 potest.

192 2275 239 2333 Dc
261 2278 382 2336 asmata
427 2274 484 2333 Sed
507 2275 558 2332 alii
587 2275 709 2350 quidam
741 2274 874 2334 homines
904 2278 983 2341 sunt.
1016 2294 1147 2351 quorum

126 2367 216 2440 caput
246 2382 350 2422 sanum
382 2369 412 2424 et
438 2367 500 2422 tam
533 2364 611 2421 forte
649 2366 753 2439 (est),
785 2364 867 2439 quod
893 2363 1045 2440 praedicti
1075 2366 1147 2424 mali

84 2462 113 2509 25
126 2452 265 2512 humores
297 2452 449 2512 cerebrum
494 2471 598 2511 eorum
628 2453 743 2511 laedere
775 2472 834 2511 non
864 2453 971 2524 valent,
1004 2455 1147 2531 quoniam

125 2542 162 2601 ad
190 2542 268 2600 illud
295 2543 464 2620 pertingere
491 2560 550 2600 non
576 2545 711 2617 possunt.
755 2541 795 2600 Et
822 2543 894 2618 quia
920 2543 978 2617 ipsi
1006 2543 1146 2604 humores

124 2651 246 2708 surgere
268 2651 327 2690 non
349 2633 482 2705 possunt,
506 2630 543 2689 ad
564 2630 717 2690 cerebrum
737 2632 768 2688 in
783 2631 877 2690 canali
892 2633 1026 2708 gutturis
1034 2651 1146 2693 eorun-

125 2720 192 2779 dem
218 2721 372 2779 hcminum
400 2723 552 2779 remanent
575 2724 605 2779 et
633 2719 709 2778 illud
740 2719 776 2778 ad
807 2720 990 2779 debilitatem
1023 2721 1146 2794 ducunt,

124 2809 168 2867 ita
191 2810 270 2885 quod
293 2809 427 2868 homines
449 2809 495 2867 illi
515 2828 583 2868 cum
599 2809 776 2869 difficultate
801 2809 968 2882 (halitum)
993 2811 1145 2874 emittunt

85 2905 114 2951 30
127 2896 202 2956 Nam
227 2916 296 2956 cum
322 2899 460 2958 humores
487 2899 538 2957 isti
561 2900 592 2957 in
615 2902 740 2974 gutture
762 2899 889 2957 hominis
918 2898 1010 2960 huius
1040 2901 1144 2974 iacent,

125 2987 295 3061 pulmonem
329 2987 392 3046 eius
423 2986 509 3046 sorde
541 2991 571 3047 et
600 2987 667 3045 tabe
701 2991 731 3046 et
759 2987 913 3064 putredine
946 2988 1085 3050 inficiunt
1117 2998 1145 3050 et

125 3077 301 3147 vulnerant,
337 3077 421 3136 velut
456 3076 535 3135 oculi
572 3077 697 3135 alicuius
731 3077 858 3137 hominis
896 3078 1057 3156 aliquando
1092 3099 1146 3157 per

127 3165 260 3223 dolorem
287 3166 419 3224 exeuntis
445 3165 523 3225 tabis
555 3170 585 3225 et
616 3167 752 3226 ulcerum
784 3168 953 3229 laeduntur.
1000 3168 1088 3230 Unde
1115 3175 1143 3230 et

125 3255 229 3331 pulm0
252 3253 290 3312 ad
312 3257 420 3331 guttur
444 3273 474 3314 se
498 3256 586 3333 erigit
609 3265 640 3314 et
662 3255 778 3314 aditum
800 3257 912 3317 halitus
935 3263 1070 3335 occupat,
1102 3260 1144 3319 ita

87 3354 117 3398 35
130 3345 211 3421 quod
234 3343 323 3403 homo
347 3344 398 3402 ille
420 3345 470 3403 vix
492 3345 620 3403 halitum
644 3346 763 3405 emittit.

192 3434 238 3493 Dc
275 3435 359 3494 iussi.
408 3433 447 3492 Et
480 3432 551 3509 quia
581 3434 709 3510 putredo
744 3436 821 3494 circa
855 3435 1026 3511 pulmonem
1060 3435 1144 3509 iacet,

124 3522 214 3580 homo
248 3523 299 3582 ille
332 3523 464 3581 multum
496 3527 526 3582 et
560 3523 717 3599 putridum
748 3525 854 3600 flegma
891 3524 975 3596 eicit;
1008 3524 1144 3601 alioquin
