2460 3862
128 157 191 214 182
513 147 760 203 HILDEGARDIS

126 335 210 393 bibat
232 337 263 393 et
285 353 385 392 omnes
408 334 488 393 cibos
511 352 578 393 suos
601 336 684 392 aceto
707 333 895 392 commisceat
910 337 1001 409 atque
1017 336 1137 408 acetum,

127 423 395 500 quomodocunque
417 424 537 499 poterit,
560 441 646 497 saepe
669 422 761 496 bibat,
785 427 815 481 et
837 421 893 482 hoo
916 423 1005 482 modo
1028 423 1061 481 in
1083 428 1138 483 sto·

126 513 229 571 macho
246 515 276 571 et
290 513 322 570 in
341 513 437 572 vesica
460 513 572 572 calidus
594 513 661 571 erit.
693 510 768 569 Nam
792 512 872 570 calor
894 513 957 571 vini
982 512 1020 569 ad
1042 513 1137 590 ignem

127 603 270 660 alteratus
301 606 331 661 et
360 603 405 660 ita
434 603 466 660 in
488 605 564 677 potu
592 606 729 676 sumptus
751 599 938 659 stomachum
962 604 994 659 et
1016 603 1138 661 vesicam

99 691 262 750 5calefaoit
288 693 318 751 et
348 692 467 755 urinam
499 692 535 749 ad
566 695 677 749 rectam
705 690 899 767 digestionem
927 691 1039 749 retinet
1062 710 1095 750 ao
1115 691 1138 748 ei

126 783 237 840 rectam
260 781 451 858 digestionem
475 783 505 839 et
531 780 658 839 calorem
687 779 786 840 infert.
832 777 888 838 Sed
911 782 942 837 et
965 780 1136 838 salviamin

128 888 204 946 aqua
241 874 349 945 coquat
386 873 416 928 et
452 870 572 928 eandem
609 888 718 944 aquam
749 887 802 942 per
833 888 964 943 pannum
997 870 1078 928 colat
1110 887 1137 927 ac

127 978 192 1017 eam
223 959 266 1017 ita
298 959 426 1017 calidum
449 977 534 1034 saepe
557 958 650 1032 bibat,
680 962 709 1016 et
736 957 788 1015 ille
810 958 929 1015 urinam
951 958 1094 1020 retinebit
1113 963 1138 1016 11

127 1048 289 1111 curabitur.
317 1047 415 1107 Salvia
431 1049 508 1106 enim
526 1048 660 1121 livorem,
678 1047 731 1122 qui
747 1047 783 1105 de
799 1047 967 1124 frigiditate
984 1047 1137 1106 humorum

87 1150 114 1194 10
126 1137 157 1196 in
184 1137 335 1196 stomacho
364 1142 394 1195 11
425 1138 456 1195 in
482 1139 577 1195 vesica
605 1141 688 1195 ortus
720 1140 771 1207 est,
795 1137 847 1211 qui
876 1136 967 1194 etiam
1000 1139 1067 1195 ante
1099 1136 1135 1195 di·

126 1227 291 1303 gestionem
318 1226 435 1284 urinam
458 1227 587 1302 expellit,
611 1227 708 1285 calore
731 1243 784 1284 suo
808 1224 914 1283 aufert.

192 1317 238 1374 De
260 1316 413 1374 sterilitate
434 1313 569 1377 masculi.
618 1308 642 1389 1)
670 1314 819 1373 Masculus
847 1333 932 1390 ergo,
967 1314 1021 1390 qui
1050 1314 1137 1372 difflu-

127 1407 224 1463 entem
246 1408 384 1463 naturam
407 1404 525 1464 seminis
548 1404 645 1474 habet,
670 1405 712 1460 ita
737 1404 818 1479 quod
841 1422 899 1462 non
915 1404 1076 1479 germinat,
1098 1403 1137 1460 hio

126 1495 335 1566 auseaaeppca
358 1495 482 1568 accipiat
511 1494 600 1552 etad
625 1493 687 1551 eius
711 1493 831 1551 tertiam
853 1495 969 1568 partem
998 1493 1135 1566 ertpeffer,

86 1596 113 1639 15
127 1587 156 1641 et
186 1587 298 1658 quanta
326 1602 393 1658 pars
425 1587 532 1659 quarta
563 1583 728 1655 ertpefferes
751 1584 802 1652 111,
835 1585 953 1640 tantum
984 1582 1020 1640 de
1044 1581 1138 1641 ciacc

126 1677 224 1730 sumat
256 1677 286 1735 11
314 1673 500 1748 aliquantum
528 1672 563 1730 de
592 1672 649 1730 1111
679 1672 789 1729 usitato
816 1671 930 1746 pipere,
962 1673 1054 1746 atque
1076 1671 1139 1729 haec

127 1780 194 1819 oum
217 1761 312 1820 iecore
335 1762 450 1820 iuvenis
473 1761 557 1835 hirci,
588 1761 640 1836 qui
668 1761 728 1818 iam
759 1763 897 1818 maturus
927 1762 972 1817 111
1000 1759 1038 1817 ad
1062 1778 1136 1837 gene·

125 1849 259 1924 randum,
288 1854 396 1926 coquat
432 1849 539 1909 additis
566 1852 655 1908 etiam
683 1850 869 1924 aliquantum
892 1849 992 1907 crudis
1022 1852 1053 1907 11
1080 1851 1136 1924 pin·

127 1938 237 2015 guibus
269 1939 399 2014 porcinis
430 1940 576 1999 carnibus.
625 1939 665 1997 Et
695 1943 767 1997 tuno
797 1937 896 1996 herbis
928 1938 994 1996 istis
1022 1938 1137 1998 abiectis

86 2040 227 2086 11111111
258 2028 310 2086 has
343 2029 477 2087 comedat
509 2030 539 2087 11
568 2030 657 2087 etiam
687 2047 791 2102 panem
815 2029 846 2085 in
874 2046 995 2102 aquam,
1027 2028 1059 2085 in
1087 2045 1139 2102 qua

128 2115 298 2175 huiusmodi
321 2136 420 2176 earnes
443 2119 542 2176 coctae
565 2121 647 2187 sunt,
682 2117 812 2192 intingat
835 2120 865 2175 et
892 2135 961 2174 eum
984 2117 1137 2175 manducet

128 2210 158 2265 11
180 2206 237 2265 hoc
259 2206 346 2265 modo
369 2207 535 2281 praedictas
558 2224 659 2265 earnes
683 2208 778 2264 coctas
801 2224 887 2280 saepe
904 2205 1048 2280 comedat,
1073 2225 1137 2281 qua·

127 2297 208 2354 tinus
232 2297 269 2354 de
290 2314 377 2354 succo
398 2315 499 2353 earum
514 2314 612 2353 semen
627 2315 715 2353 suum
732 2294 940 2353 fortitudinem
956 2293 1139 2371 germinandi

127 2385 260 2461 accipiat,
284 2385 309 2443 si
331 2385 446 2444 iustum
468 2385 612 2443 iudicium
635 2385 683 2442 dei
705 2385 761 2443 hoc
783 2384 847 2442 fieri
870 2384 1050 2458 permiserit.

85 2487 112 2531 11
192 2475 252 2534 Pro
275 2475 428 2533 sterilitate
448 2474 588 2545 feminae.
629 2465 1014 2554 2)Μ11111111111,11111
1038 2473 1139 2532 matrix

126 2563 251 2622 interius
274 2563 385 2640 frigide
408 2563 557 2621 11111111
580 2565 625 2621 est
648 2563 685 2621 ad
707 2561 931 2637 concipiendum
946 2562 1074 2637 prolem,
1090 2562 1140 2620 hoc

127 2652 215 2711 modo
231 2653 360 2724 iuvetur,
384 2653 409 2711 si
432 2653 503 2712 deus
525 2653 569 2712 ita
583 2652 721 2723 voluerit,
744 2654 780 2710 ut
798 2650 924 2709 fecunda
938 2650 1002 2711 fiat.
1035 2652 1140 2726 Accipe

127 2759 198 2816 ergo
222 2742 374 2800 matricem
397 2761 490 2818 agnae
518 2744 571 2799 aut
597 2743 751 2800 matricem
778 2758 894 2811 vaccae,
930 2759 1006 2815 quae
1036 2742 1068 2799 in
1090 2741 1140 2798 hac

127 2831 299 2888 maturitate
327 2835 408 2900 sunt,
449 2831 529 2907 quod
559 2831 680 2907 gignere
712 2832 846 2904 possunt,
880 2832 910 2887 11
946 2847 1015 2888 cum
1049 2830 1140 2889 adbuc

85 2931 113 2976 30
127 2920 254 2977 mundae
277 2929 353 2994 sunt,
384 2921 427 2978 111
450 2921 531 2996 quod
553 2921 636 2979 nullo
659 2920 723 2978 fetu
746 2920 886 2994 gravatae
909 2922 979 2978 sunt
1001 2938 1057 2978 nec
1079 2938 1138 2996 gra·

126 3011 213 3068 vatae
235 3008 372 3084 fuerunt,
397 3012 426 3067 et
454 3029 502 3068 eas
531 3028 599 3068 oum
622 3009 705 3067 lardo
729 3013 847 3066 etcum
876 3007 940 3066 aliis
964 3008 1139 3083 quibusdam

126 3096 288 3174 pinguibus
312 3099 447 3157 carnibus
471 3103 500 3157 et
523 3116 592 3156 oum
615 3098 756 3174 sagimine
781 3115 874 3172 coque
897 3100 928 3154 et
950 3097 994 3154 da·
1017 3098 1139 3156 feminae

126 3188 163 3245 ad
187 3187 407 3262 comedendum,
437 3207 505 3247 cum
536 3188 589 3245 illa
611 3188 642 3244 in
666 3187 869 3245 coniunctione
892 3186 994 3244 mariti
1023 3191 1069 3247 111
1091 3188 1140 3245 aut

127 3295 193 3335 cum
208 3277 316 3336 marito
332 3277 489 3352 postmodo
505 3277 564 3336 cito
581 3278 732 3353 iungetur.
762 3275 801 3333 Et
815 3275 988 3333 huiusmodi
1003 3277 1138 3335 carnibus

84 3376 112 3421 35
126 3366 296 3443 frequenter
329 3368 446 3440 utatur,
486 3368 515 3424 et
548 3384 652 3424 succus
683 3364 814 3424 matricis
841 3363 1063 3439 praedictorum
1091 3383 1136 3440 pe·

199 3520 221 3591 1)
245 3540 267 3575 v.
294 3520 399 3574 12-24
422 3547 454 3565 =
479 3520 576 3591 Migne
596 3520 666 3575 1226
690 3521 722 3573 A.
746 3551 781 3559 -
804 3519 827 3589 2)
850 3518 1137 3590 111-111115

109 3591 213 3662 eapse
231 3593 305 3648 1324
322 3593 357 3650 D.
