2460 3862
339 147 481 203 CAUSAE
499 147 546 202 ET
565 145 687 203 CURAE
706 147 773 201 1213.
791 147 813 200 l.
1047 150 1088 210 19

68 335 204 408 movent,
229 332 481 408 quemadmodum
496 333 584 394 homo
607 336 671 394 rete
693 333 724 392 in
747 352 838 391 manu
860 350 915 391 sua
937 335 1035 391 teneat
1058 335 1088 391 et

67 422 146 481 illud
169 425 302 494 moveat3
333 423 376 481 ita
398 425 428 482 et
450 422 538 482 bomo
568 423 712 481 elementa
735 425 908 493 commovet,
940 421 1019 497 quod
1041 439 1084 480 se·

68 511 201 570 cundum
226 530 316 586 opera
338 512 401 570 eius
425 531 528 570 auram
551 513 702 574 emittunt.

137 601 183 660 Dc
206 601 296 659 lance
319 601 429 672 effecta.
474 601 514 659 Et
544 604 662 677 tempus
685 602 773 659 lunae
803 602 928 659 naturae
959 599 1087 658 hominis

66 709 129 748 non
152 689 338 764 dominatur,
372 691 457 766 quasi
481 691 553 750 deus
586 690 649 749 eius
677 690 729 761 sit,
761 692 791 748 et
813 689 897 748 velut
918 689 1007 748 homo
1031 688 1115 746 ali-5

67 797 160 854 quam
192 781 371 854 potestatem
405 782 527 838 naturae
557 780 593 838 de
623 780 676 838 illa
703 778 841 855 accipiat3
874 781 926 836 aut
953 781 989 837 ut
1015 778 1087 836 luna

66 871 193 926 naturae
216 867 344 929 hominis
366 868 482 943 aliquid
505 870 637 928 conferat
660 872 713 927 aut
729 870 828 927 demat
844 869 896 925 aut
912 867 1085 938 constituat;

66 956 119 1015 sed
142 956 255 1015 homini
277 957 309 1015 in
331 976 417 1016 aereo
441 961 535 1034 gustu
557 959 701 1035 cuiusque
718 958 815 1034 operis
830 957 909 1018 vitae
932 956 1087 1015 suaeluna

66 1046 207 1120 occurrit,
235 1051 265 1105 ct
286 1047 329 1106 ita
351 1047 473 1123 sanguis
503 1050 533 1107 et
554 1047 703 1123 humores,
733 1048 786 1124 qui
813 1047 844 1105 in
866 1046 984 1106 homine
1007 1049 1085 1117 sunt,

65 1136 135 1210 post
157 1138 275 1211 tempus
304 1137 509 1195 commotionis
536 1137 624 1195 lunae
653 1140 819 1212 moventur,
850 1136 963 1196 scilicet
985 1140 1127 1194 secun-10

66 1225 140 1282 dum
173 1225 253 1299 quod
281 1225 353 1284 luna
382 1244 479 1285 aerem
506 1226 537 1284 in
559 1226 637 1285 bona
659 1227 802 1301 temperie
830 1229 883 1285 aut
910 1225 1085 1299 tempestate

65 1316 167 1373 movet
200 1317 231 1373 et
265 1315 427 1374 secundum
459 1315 539 1392 quod
566 1319 640 1374 tunc
671 1315 791 1392 sangnis
821 1318 852 1374 et
882 1315 1020 1373 humores
1053 1314 1086 1370 in

66 1402 187 1462 homine
221 1403 378 1480 inundant,
414 1405 596 1464 humectatio
630 1405 758 1464 hominis
792 1408 930 1464 naturam
965 1402 1021 1461 sibi
1054 1403 1085 1460 in

63 1492 199 1551 moribus
231 1494 388 1557 contrahit.
433 1494 491 1553 sed
522 1494 612 1552 etiam
640 1513 708 1553 cum
735 1513 826 1554 venae
853 1492 981 1552 hominis
1003 1493 1083 1549 intu-

63 1584 210 1657 mescunt,
243 1581 355 1642 scilicet
384 1601 452 1642 cum
484 1583 530 1641 ira
559 1585 590 1642 et
616 1583 776 1655 iracundia,
812 1602 879 1641 curn
906 1580 1083 1657 petulantia,
1099 1586 1126 1630 15

65 1670 218 1742 conviviis,
250 1671 373 1731 tristitia
396 1675 425 1730 et
447 1672 619 1731 infirmitate
647 1673 778 1749 corporis
801 1677 832 1732 et
855 1691 923 1730 cum
945 1669 1084 1728 mutabili

66 1759 272 1819 vicissitudine
294 1760 421 1820 turbinis
444 1781 562 1821 morum
584 1761 721 1838 hominis
748 1761 910 1821 secundum
932 1760 1005 1818 haec
1030 1759 1084 1817 hu·

65 1849 206 1907 mactatio
229 1849 357 1909 hominis
378 1854 502 1927 gustum
524 1851 555 1908 in
578 1855 686 1910 natura
709 1870 763 1910 sua
779 1851 866 1925 capit,
890 1849 974 1909 velut
994 1867 1083 1908 unus·

65 1938 194 2013 quisque
217 1941 317 1998 coctus
341 1939 423 1999 cibus
447 1945 570 2016 gustum
586 1939 748 2000 secundum
771 1958 863 2017 genus
883 1957 972 1998 suum
994 1940 1084 1997 tenet

63 2026 124 2086 Sed
147 2029 246 2086 tamen
269 2046 385 2087 omnem
408 2028 483 2089 banc
498 2032 635 2088 naturam
658 2029 794 2101 hominis,
818 2032 853 2087 ut
867 2027 1082 2104 praescriptum
1097 2030 1125 2075 2⁰

62 2119 121 2190 est,
152 2116 274 2192 spiritus
302 2120 420 2178 sanctus
449 2121 597 2194 penetrat,
625 2118 764 2178 videlicet
794 2119 827 2176 in
852 2117 1019 2193 prophetis,
1052 2116 1083 2173 in

60 2204 252 2281 sapientibus,
276 2206 424 2278 inbonis,
448 2209 479 2266 in
502 2208 604 2280 rectis;
633 2211 664 2266 et
685 2207 716 2266 in
740 2208 820 2266 omni
843 2208 921 2267 bona
943 2206 1083 2265 electione

61 2312 113 2354 eos
137 2293 175 2351 ad
197 2313 228 2354 se
250 2295 379 2367 trahens,
403 2296 480 2356 sicut
496 2297 541 2356 sol
556 2299 755 2373 tempestates,
778 2297 940 2372 pertransit
963 2297 993 2353 et
1014 2313 1080 2369 per-

61 2382 182 2459 lustrat,
205 2383 248 2442 ita
271 2384 352 2460 quod
374 2385 446 2445 haec
467 2387 599 2460 perfusio
623 2387 703 2463 ignei
723 2387 845 2462 spiritus
869 2384 962 2444 sancti
984 2387 1081 2441 muta-

59 2472 152 2531 bilem
163 2475 301 2532 naturam
311 2474 439 2534 hominis
452 2479 582 2550 superat,
597 2479 634 2534 ut
645 2476 790 2549 scriptum
803 2477 859 2534 est:
876 2492 975 2533 omne
987 2471 1081 2548 qnod
1094 2479 1123 2524 25

59 2563 180 2620 natum
204 2564 258 2621 est
280 2582 320 2622 ex
343 2565 420 2639 dec,
442 2565 560 2624 vincit
581 2565 763 2636 mundum3
787 2568 817 2623 et
832 2564 874 2623 sic
893 2581 952 2621 non
971 2563 1081 2637 peccat.

58 2650 99 2710 Et
121 2654 158 2709 ut
180 2651 253 2710 viles
291 2653 349 2712 cibi
379 2652 416 2712 de
438 2656 531 2730 gustu
560 2655 727 2712 aromatum
753 2653 785 2710 in
816 2652 907 2711 alium
930 2650 1082 2710 meliorem

62 2741 188 2816 gustum
212 2743 375 2819 mutantur,
397 2744 441 2802 ita
463 2744 499 2801 ut
522 2744 611 2802 vilem
627 2746 749 2819 gustum
772 2761 859 2801 suum
882 2741 1017 2817 perdant,
1040 2740 1082 2799 sic

59 2829 95 2888 de
127 2829 196 2907 igne
224 2831 348 2907 spiritus
376 2832 469 2890 sancti
497 2832 565 2890 vilis
588 2836 697 2891 natura
719 2831 846 2890 hominis
874 2831 906 2889 in
928 2829 1082 2889 meliorem

58 2921 207 2994 naturam,
243 2940 334 2996 quam
360 2921 512 2997 conceptio
542 2921 605 2980 eius
629 2922 773 2994 ostendat,
806 2920 952 2992 vertitur3
986 2922 1016 2978 et
1039 2919 1081 2977 ita
1094 2928 1122 2972 ³0

58 3008 147 3067 bomo
173 3008 248 3068 alius
270 3009 432 3073 iunctura
454 3029 509 3069 sua
531 3010 576 3082 fit,
611 3011 682 3087 quia
704 3011 784 3085 quod
812 3011 936 3071 caeleste
960 3012 1003 3068 est
1027 3008 1077 3066 de-

58 3097 154 3156 vincit
176 3100 207 3156 et
230 3101 385 3174 exsuperat
408 3099 488 3174 quod
511 3104 663 3159 terrenum
680 3112 730 3175 est,
754 3101 833 3159 unde
850 3099 950 3159 omnia
971 3099 1002 3156 in
1026 3097 1079 3155 deo

58 3186 192 3264 gaudent
221 3187 342 3263 antiquo
367 3192 502 3265 serpente
529 3188 627 3248 illuso.
672 3187 758 3249 Nunc
791 3192 898 3264 autam,
931 3192 966 3246 ut
997 3204 1079 3261 prae-

59 3276 176 3336 dictum
200 3278 252 3348 est,
284 3277 411 3337 minores
439 3281 551 3337 ceterae
580 3278 683 3337 stellae
711 3278 827 3338 diversa
855 3281 885 3337 et
912 3274 1079 3336 communia

57 3368 87 3424 et
110 3366 227 3424 minora
250 3384 340 3441 opera
363 3367 518 3426 hominum
546 3367 756 3430 demonstrant.
803 3367 877 3427 (lum
905 3365 983 3423 enim
1006 3381 1079 3422 sere·
1092 3371 1120 3419 35

56 3452 136 3514 nitas
167 3454 198 3513 in
233 3454 363 3515 nubibus
393 3460 446 3532 est,
478 3457 522 3516 ila
552 3459 588 3517 ut
615 3457 700 3517 nulla
726 3457 823 3519 motio
849 3458 1018 3519 uentorum
1033 3469 1095 3509 nac

56 3545 265 3618 tempestatum
292 3563 347 3604 nec
373 3546 518 3608 imbrium
553 3550 583 3611 in
609 3571 680 3614 aare
710 3551 769 3629 sit,
799 3550 860 3614 sed
887 3545 979 3629 quod
1004 3539 1119 3603 senae
