2460 3862
167 131 229 190 208
554 124 801 180 HILDEGARDIS

165 313 273 367 natura
295 327 349 367 sue
371 308 559 384 aliquantum
581 308 685 368 livoris
708 312 809 369 tenent
830 311 977 385 venenosi,
994 309 1075 370 unde
1097 311 1193 370 etiam

166 398 297 474 squamis
325 401 432 458 carent.
479 397 582 458 Oaseos
611 417 731 474 qnoque
754 402 784 458 et
806 418 861 458 ove
884 402 914 458 et
936 399 1030 458 cruda
1053 400 1139 459 olera
1161 406 1193 459 et

165 487 256 546 cruda
277 505 366 563 poma
388 491 418 546 et
442 487 590 564 quidquid
613 506 712 547 assum
734 491 792 559 eet,
815 489 936 546 interim
959 489 1087 565 devitet,
1112 509 1189 566 quo·

163 577 243 635 niam
274 595 374 636 caseus
397 577 467 635 huic
489 576 592 636 morbo
615 596 669 653 pro
692 596 802 636 veneno
827 581 872 636 est
900 581 930 636 et
957 597 1014 637 ova
1038 583 1071 638 et
1096 579 1192 639 cruda

137 665 245 725 solere
267 668 297 724 et
318 665 410 726 cruda
436 685 524 742 poma
555 667 658 726 noxios
689 666 828 725 humores
858 667 890 724 in
921 685 955 725 eo
988 668 1127 739 excitant,
1160 671 1190 727 et

163 773 239 830 quae
255 751 320 815 asse
335 760 413 830 sunt,
429 756 526 815 eidem
541 755 647 814 morbo
663 759 781 833 guttam
797 755 1033 816 subministrant.
1075 756 1189 815 Vinum

163 848 263 903 autem
286 865 344 904 non
366 846 446 904 forte
469 845 521 904 sed
542 863 633 904 suave
657 849 687 903 et
709 864 788 921 aque
803 845 984 920 permixtum
999 849 1093 920 atque
1108 865 1185 905 cere·

161 934 266 992 visiam
288 934 382 997 bibat.

229 1024 275 1082 De
289 1024 453 1098 hydropisi.
489 1016 513 1102 1)
523 1022 581 1093 Qui
601 1021 750 1098 ydropum
770 1023 909 1082 morbum
924 1021 1023 1096 habet,
1040 1041 1186 1098 pavonem

123 1120 151 1165 10
165 1112 276 1171 seilicet
298 1114 465 1172 masculum
487 1112 614 1188 accipiat
645 1116 675 1171 et
707 1130 775 1170 cnm
804 1130 897 1188 ysopo
929 1112 960 1169 in
991 1130 1072 1187 aqua
1103 1112 1186 1188 putei

164 1205 280 1276 coquat,
312 1221 372 1261 non
395 1206 495 1261 eutem
517 1202 548 1259 in
571 1220 649 1277 aqna
671 1200 802 1260 salientis
826 1200 929 1275 fontis,
962 1201 1061 1260 etsie
1085 1219 1184 1260 earnes

160 1291 227 1349 illas
250 1290 393 1351 comedat.
431 1291 538 1351 Postea
561 1309 612 1349 cor
635 1293 666 1348 et
688 1307 728 1364 os,
753 1290 835 1365 quod
858 1291 889 1347 in
912 1308 992 1366 genn
1015 1289 1102 1349 illius
1124 1291 1184 1350 vol·

160 1379 251 1455 vitur,
285 1384 315 1439 et
337 1398 453 1458 ungues
475 1381 569 1454 ipsius
593 1379 679 1439 tollat
711 1380 741 1437 et
772 1397 808 1436 ex
839 1377 885 1437 his
908 1379 1066 1452 pulverem
1089 1379 1184 1450 faciat,

160 1469 202 1527 ita
225 1470 307 1545 quod
329 1469 429 1547 pulvis
452 1470 613 1528 eorundem
634 1468 783 1544 unguium
806 1470 837 1526 et
859 1467 941 1543 qnod
963 1467 1066 1543 pulvis
1090 1468 1183 1528 cordis

121 1567 147 1611 15
161 1558 224 1617 eius
239 1559 337 1619 tribus
352 1557 490 1635 pertibus
504 1560 659 1634 pulverem
674 1557 786 1616 ossium
800 1575 932 1633 genuum
948 1556 1031 1616 illius
1055 1557 1182 1617 excedat.

159 1647 274 1707 Deinde
298 1648 468 1707 batheniam
491 1651 522 1707 et
543 1650 591 1706 ter
612 1649 731 1706 tentum
755 1646 791 1704 de
814 1646 949 1707 levistico
974 1649 1068 1722 etque
1091 1645 1183 1705 modi·

160 1754 228 1794 cum
251 1736 287 1796 de
309 1738 454 1814 sagimine
477 1737 627 1813 anguillae
650 1735 776 1811 accipiat
798 1734 919 1794 ethaeo
939 1735 971 1794 in
986 1736 1058 1795 rino
1075 1737 1181 1811 coquat

160 1830 250 1901 atque
272 1846 327 1902 per
348 1845 481 1902 pannum
504 1826 583 1885 colat
606 1827 636 1884 et
650 1825 721 1883 huic
735 1824 804 1884 vino
820 1824 1009 1901 praedictum
1023 1825 1182 1899 pulverem

159 1915 303 1974 immittat
324 1918 355 1975 et
383 1918 427 1973 ita
456 1915 548 1990 bibat,
570 1914 627 1973 hoc
649 1918 750 1973 eutem
772 1932 826 1989 per
848 1913 949 1973 decem
971 1916 1002 1973 et
1024 1917 1095 1974 octo
1122 1914 1181 1973 dies

120 2011 147 2057 eo
161 2002 259 2066 faciat.
304 2003 410 2064 (larnes
434 2005 512 2063 enim
534 2003 658 2080 pavonis
681 2003 773 2062 siccae
800 2006 871 2062 sunt
902 2006 932 2062 et
955 2003 1050 2062 fortes
1081 2007 1181 2071 contra

159 2090 309 2168 ydropum
330 2094 477 2169 morbum,
500 2096 531 2152 et
553 2092 620 2152 ideo
636 2093 673 2151 de
688 2093 820 2151 masculo
836 2095 958 2168 propter
974 2091 1182 2152 fortitudinem

159 2199 244 2239 suam
266 2200 328 2242 esse
350 2184 468 2244 debent.
513 2182 571 2241 Sed
594 2200 663 2241 cum
685 2200 778 2258 ysopo
810 2184 986 2258 coquantur,
1018 2182 1101 2257 quod
1133 2181 1181 2240 ille

158 2272 189 2328 in
212 2271 345 2331 siccitate
369 2275 399 2331 et
421 2272 506 2332 suavi
530 2272 641 2348 frigore
673 2289 727 2330 suo
760 2271 941 2346 superfluam
971 2269 1181 2330 humiditatem

159 2359 290 2419 eiusdem
313 2362 411 2420 morbi
434 2362 567 2436 exsiccat,
591 2363 622 2420 et
644 2360 675 2418 in
698 2379 776 2436 aque
797 2360 883 2436 putei
905 2363 1082 2436 coquantur,
1107 2378 1178 2436 quo·

117 2457 145 2501 25
158 2449 250 2507 niem
269 2450 318 2509 hic
350 2468 469 2526 qnoque
500 2450 590 2509 siccas
619 2468 709 2508 venas
741 2468 888 2525 equarum
919 2448 1010 2508 habet
1033 2452 1065 2509 et
1086 2448 1180 2526 magis

156 2537 306 2614 ydropum
335 2539 473 2599 morbum
505 2539 655 2599 consumit
689 2557 779 2614 quam
810 2557 889 2614 aqua
920 2537 1054 2598 salientia
1082 2538 1179 2609 lentis,

157 2646 232 2702 quae
255 2629 444 2705 aliquantum
466 2629 561 2705 magis
585 2645 696 2704 aquosa
717 2632 762 2686 est
789 2647 878 2702 quam
907 2647 987 2704 aqua
1015 2628 1119 2703 putei3
1152 2631 1180 2686 et

156 2716 222 2775 ideo
245 2717 315 2777 haec
338 2718 464 2778 eundem
487 2718 629 2778 morbum
651 2716 830 2776 humiditate
852 2734 907 2776 sua
931 2720 1088 2794 augerent.
1125 2715 1180 2778 (lor

157 2808 257 2864 autem
287 2809 409 2883 pavonis
436 2808 657 2884 pulverizatum
680 2805 804 2865 suffocet
833 2804 971 2865 morbum
993 2807 1104 2878 istum3
1129 2805 1179 2867 sed

114 2900 142 2945 30
156 2911 197 2967 os,
221 2897 302 2970 quod
324 2897 355 2956 in
378 2898 502 2974 genibus
524 2897 666 2970 volvitur,
695 2894 835 2970 quoniam
859 2913 947 2954 venas
972 2897 1069 2955 cruris
1094 2896 1179 2973 ligat,

156 2983 243 3041 etism
266 2986 388 3044 eundem
415 2987 552 3046 morbum
575 2986 659 3062 ligat,
682 2984 824 3043 neultra
852 2983 1005 3061 procedat.
1056 2984 1179 3063 Ungues

155 3090 225 3130 vero
249 3073 373 3133 fixuram
397 3076 528 3144 eiusdem
551 3075 657 3144 morbi,
690 3092 726 3132 ne
759 3073 845 3149 quasi
878 3073 908 3132 in
944 3074 1068 3133 saliente
1103 3094 1181 3151 aqua

155 3169 311 3240 exsurgat,
345 3164 501 3241 deprimit,
538 3183 615 3241 aqua
644 3181 716 3222 vero
752 3162 884 3221 eiusdem
915 3163 1013 3222 morbi
1047 3164 1180 3224 calorem

155 3251 310 3311 bathoniae
334 3254 423 3331 fugit,
446 3254 596 3331 frigiditas
620 3255 720 3311 eutem
743 3251 870 3310 levistici
894 3255 1024 3312 mentem
1048 3254 1179 3313 hominis

114 3341 235 3400 stillim
250 3343 398 3419 laetificat,
423 3344 504 3420 quod
526 3343 620 3403 tristis
644 3344 696 3415 est,
719 3343 750 3399 et
772 3341 906 3417 sagimen
929 3342 1081 3419 anguillae
1105 3343 1179 3402 fixu-

135 3493 143 3500 ’
225 3533 248 3605 1)
270 3554 292 3590 γ,
315 3534 404 3590 9-22
427 3560 459 3580 =
478 3534 576 3606 Migne
595 3533 664 3587 rese
683 3531 718 3586 n.
