2438 3854
330 156 474 213 CAUSAE
491 157 538 213 ΕΤ
557 158 678 215 (11111111
696 159 763 214 LIB.
782 159 818 214 ΙΙ.
1018 166 1083 226 149

63 342 190 400 modum
224 341 428 401 delectationis
460 343 554 401 carnis
577 345 693 401 mutata
716 345 769 415 est,
792 343 836 403 ita
860 345 950 403 etiam
974 346 1004 404 11
1025 365 1083 405 vox

10 444 19 479 ἱ
63 430 254 505 superiorum
278 431 466 507 gaudiorum,
489 450 580 508 quam
602 431 681 489 idem
696 430 795 491 Adam
811 432 945 510 habebat,
968 434 1001 493 in
1016 453 1081 493 con·

10 535 16 569 2
62 520 192 578 trarium
214 519 337 579 modum
358 520 435 579 risus
448 568 450 573 .
463 523 494 579 et
522 519 733 580 cachinnorum
762 540 848 581 versa
880 526 932 583 est.
977 522 1082 601 Inepta

10 626 16 659 :
64 609 145 668 enim
166 609 282 668 laetitia
304 613 333 668 et
354 609 433 668 maus
454 610 539 668 velut
562 609 711 687 quandam
734 610 906 670 societatem
928 611 966 670 ad
989 613 1081 672 deleo·

63 698 209 757 tationem
232 698 327 757 carnis
349 697 465 769 habent,
489 701 520 757 et
541 698 608 758 ideo
632 702 737 759 ventus
758 700 820 774 1111,
843 701 897 775 qui
912 701 1006 760 risum
1019 713 1109 761 sus-5

14 800 21 854 ς
64 787 146 862 citat,
171 787 208 845 de
230 787 363 846 medulla
384 785 511 846 hominis
539 787 637 847 exiens
663 789 762 847 femur
794 789 856 848 eius
884 792 915 847 et
941 789 1082 851 interiora

10 890 20 925 -’
63 876 206 938 concutit.
265 876 311 935 Ac
351 876 502 936 interdum
543 896 613 952 prae
650 878 743 936 nimia
779 879 967 938 concussione
1003 880 1081 938 risus

19 1008 23 1014 -
63 984 174 1041 aquam
211 965 402 1024 lacrimarum
440 965 475 1024 de
518 967 661 1044 sanguine
703 987 846 1026 venarum
887 968 980 1027 oculis
1026 968 1082 1028 hoc

61 1055 154 1113 modo
177 1054 284 1130 educit,
309 1055 557 1129 quemadmodum
581 1056 669 1114 etiam
689 1074 795 1132 spuma
813 1057 931 1116 seminia
953 1056 1081 1117 hominis

61 1143 225 1219 aliquando
249 1143 285 1202 de
307 1144 451 1220 sanguina
473 1163 616 1204 venarum
638 1164 692 1221 per
714 1146 849 1205 ardorem
878 1145 1080 1205 delectationis
1094 1157 1122 1203 10

61 1233 224 1294 excutitur.

130 1322 176 1381 De
199 1322 314 1381 11111111
337 1325 460 1384 111111.
506 1321 582 1382 Oum
604 1323 682 1381 anim
706 1323 828 1382 scientia
850 1325 964 1383 animae
987 1322 1080 1384 homi·

59 1411 109 1470 nis
132 1411 208 1469 nihil
232 1410 374 1469 tristitiae
397 1415 428 1470 11
449 1409 524 1470 nihil
548 1412 664 1471 adversi
687 1415 718 1471 et
739 1411 814 1470 nihil
830 1413 901 1471 mali
916 1415 947 1471 in
962 1413 1080 1473 homine

59 1501 164 1568 sentit,
191 1503 264 1559 tunc
294 1518 344 1558 cor
370 1500 502 1559 eiusdem
529 1501 657 1560 hominis
684 1502 721 1560 ad
748 1502 896 1561 laetitiam
922 1521 952 1562 ae
976 1504 1079 1580 aperit,

59 1592 99 1647 ut
121 1589 207 1648 flores
230 1590 267 1648 ad
291 1590 418 1649 calorem
440 1591 510 1649 solis
533 1608 564 1649 se
587 1590 737 1665 aperiunt,
766 1593 796 1649 11
818 1609 886 1649 mox
907 1593 990 1651 iecur
1013 1603 1120 1651 ean-15

60 1679 131 1736 dem
153 1677 299 1737 laetitiam
321 1679 428 1755 recipit
450 1697 484 1738 ac
506 1698 570 1738 eam
592 1679 624 1738 in
647 1698 677 1738 se
699 1680 820 1751 retinet,
848 1683 884 1739 nt
911 1681 1080 1742 stomachus

60 1766 161 1826 cibum
197 1768 229 1825 in
262 1785 292 1826 se
327 1770 466 1830 continet.
511 1769 551 1828 Et
580 1787 649 1828 cum
676 1769 717 1828 sic
744 1769 833 1828 homo
860 1774 913 1828 aut
935 1770 971 1829 de
994 1771 1080 1830 bonis

60 1859 118 1914 aut
141 1857 177 1916 de
199 1857 294 1926 malis,
319 1857 474 1932 quaesibi
497 1859 624 1934 placent,
651 1859 790 1934 laetatur,
813 1861 885 1918 tunc
908 1859 1079 1935 praedictus

59 1948 172 2005 ventus
203 1945 354 2005 interdum
384 1966 418 2006 ex
449 1947 580 2006 medulla
603 1949 700 2007 exiens
723 1947 822 2007 femur
843 1949 926 2008 illius
947 1949 1079 2025 primum

59 2035 163 2111 tangit
197 2037 227 2093 et
260 2036 302 2094 ita
330 2036 414 2112 splen
443 2039 569 2113 occupat
592 2040 682 2114 atque
704 2056 794 2097 venas
817 2038 948 2098 eiusdem
970 2039 1079 2115 splenis
1092 2047 1120 2091 20

57 2124 169 2199 implet
191 2128 222 2182 et
244 2143 274 2184 se
297 2124 335 2184 ad
358 2144 408 2185 cor
430 2127 562 2185 extendit
584 2130 614 2185 et
635 2129 719 2186 iecur
740 2127 836 2202 replet
858 2147 892 2187 ac
913 2129 957 2187 ita
980 2126 1075 2187 homi·
1185 2127 1190 2134 '

57 2232 130 2272 nem
152 2212 249 2272 ridere
272 2215 344 2273 facit
366 2217 456 2290 atque
479 2233 581 2274 vocem
609 2216 672 2275 eius
695 2216 822 2275 similem
844 2217 910 2277 voci
936 2235 1078 2292 pecorum

56 2304 93 2361 in
117 2301 265 2363 cachinnis
288 2303 399 2367 educit,
442 2303 540 2363 Homo
562 2309 661 2363 autem
689 2305 748 2380 ille,
772 2306 824 2381 qui
846 2306 1078 2383 cogitationibus

56 2391 123 2451 suis
146 2392 230 2451 velut
251 2395 356 2452 ventus
379 2392 434 2452 hac
456 2396 487 2452 et
513 2394 583 2452 illac
610 2394 696 2453 facile
725 2394 884 2468 proicitur,
912 2395 993 2470 splen
1022 2395 1074 2453 ali-

58 2484 210 2557 quantum
242 2499 372 2540 crassum
403 2481 492 2541 habet
522 2485 553 2540 11
582 2482 648 2541 ideo
679 2483 1117 2542 111111111111111111111115

57 2570 148 2628 11111.
192 2570 249 2629 Sed
284 2573 314 2629 11
348 2571 598 2647 quemadmodum
626 2571 751 2630 tristitia
785 2573 815 2629 et
848 2571 893 2629 ira
927 2570 1077 2630 hominem

58 2659 201 2717 debilitat
224 2663 254 2718 et
276 2659 393 2719 aridum
420 2661 498 2732 11111,
530 2660 572 2719 111
599 2660 689 2718 etiam
711 2661 872 2718 immensus
894 2660 971 2719 risus
994 2660 1077 2735 splen

55 2748 199 2808 vulnerat
221 2751 251 2807 et
272 2749 457 2808 stomachum
479 2749 589 2826 fatigat
612 2752 642 2808 11
664 2749 696 2807 in
719 2749 850 2807 motione
869 2767 924 2808 sua
938 2749 1076 2809 humores

54 2837 170 2895 iniuste
193 2837 357 2897 discurrere
380 2839 460 2900 facit.
936 2898 938 2902 ,

126 2926 172 2984 Dc
193 2928 384 3001 pinqucdine.
431 2926 463 2986 Si
497 2928 565 3003 quis
596 2927 683 2987 homo
715 2945 815 2986 carnes
843 2930 874 2986 et
901 2928 972 2987 alias
996 2947 1075 2988 escas
1089 2941 1116 2984 eo

56 3034 153 3091 supra
175 3016 297 3074 modum
319 3016 446 3093 pingues
474 3019 528 3075 aut
550 3017 628 3074 ullos
651 3017 731 3075 cibos
753 3035 844 3093 supra
866 3017 987 3076 modum
1009 3037 1073 3076 sau·

56 3104 152 3182 guina
166 3105 369 3181 impinguatos
385 3105 518 3181 comedit,
542 3105 645 3181 potius
661 3124 696 3164 ex
712 3106 753 3164 eis
768 3106 971 3165 infirmitatem
986 3119 1075 3182 quarn

57 3193 215 3252 sanitatem
247 3195 388 3268 incurrit,
421 3195 502 3270 quod
533 3195 583 3252 isti
611 3195 669 3253 cibi
697 3213 789 3270 supra
815 3196 938 3253 modum
966 3196 1072 3270 impin·

57 3283 146 3360 gnati
169 3282 206 3341 ad
229 3287 340 3342 rectam
363 3287 393 3342 ct
415 3284 452 3342 ad
467 3284 617 3342 salubrem
628 3282 826 3361 ¹digestionem
841 3304 911 3359 prae
933 3284 1025 3342 nimia
1044 3287 1075 3342 et

55 3371 175 3430 lubrica
197 3372 384 3444 humiditate,
408 3392 484 3449 quae
507 3373 539 3431 in
560 3373 632 3450 ipsis
655 3376 709 3445 est,
730 3373 763 3431 in
781 3373 934 3432 stomacho
946 3372 1121 3430 homimem

52 3479 202 3518 remanere
222 3480 281 3519 non
301 3467 440 3536 possunt.
478 3463 521 3525 Et
543 3465 614 3528 ideo
635 3465 733 3527 homo
753 3466 842 3524 recte
861 3460 1056 3534 temperatas
1065 3455 1113 3506 'm

37 3545 222 3618 pinguedine
253 3567 356 3610 carnes
389 3557 423 3615 11
454 3562 540 3621 recte
574 3561 773 3640 temperatos
802 3555 843 3614 in
863 3545 1027 3623 sanguina
1048 3538 1141 3592 cinos
