2460 3862
349 87 490 189 CAUSAE
509 133 556 188 ET
575 131 695 188 CURAE
713 133 780 189 LlB.
799 134 834 188 11.
1059 139 1099 198 61

78 318 292 378 humiditatem
315 319 462 395 admittit,
491 321 521 378 et
543 336 640 394 usque
664 318 736 377 dum
757 322 851 394 terra,
884 318 996 377 scilicet
1019 321 1099 377 cute·

78 409 157 480 cula,
179 408 257 467 illud
274 409 459 485 constringit.
490 409 530 467 Et
552 410 625 467 tunc
648 408 690 467 sic
713 407 772 466 erit
794 407 984 484 sanguineus,
1006 407 1100 466 idest

78 518 141 558 non
163 500 263 556 totum
285 498 415 575 sanguis,
440 498 492 557 sed
507 497 730 573 aliquantulum
746 497 889 574 sanguine
909 497 1099 572 permixtum.

78 587 119 645 ut
153 589 284 662 quatuor
317 587 469 663 humores,
506 605 581 663 quoa
614 587 703 645 homo
733 605 750 644 a
786 588 918 661 quatuor
949 586 1100 645 elementis

78 675 184 748 trahit,
208 676 252 734 ita
275 676 353 736 circa
374 676 455 736 idam
468 695 566 736 semen
581 675 732 735 moderate
748 677 778 733 et
792 678 956 751 temperate
971 679 1099 750 manent,
1114 689 1128 732 5

78 783 178 841 usque
201 764 273 823 dum
296 766 384 841 quasi
406 784 474 825 caro
491 765 669 842 coaguletur
684 767 714 823 et
729 764 929 837 confirmetur,
952 765 996 823 ita
1020 764 1101 841 quod
1157 776 1159 780 “

79 855 179 913 forma
200 853 327 913 hominis
350 855 382 913 in
405 873 439 914 eo
462 854 588 932 figurari
610 856 718 930 potest.
754 853 794 912 Et
816 856 888 913 tunc
911 873 945 912 ex
968 871 1002 912 so
1024 853 1100 930 figu-

78 946 169 1002 ratur
189 945 226 1001 ut
248 943 367 1018 pictura
391 944 488 1003 forma
509 944 651 1016 hominis,
682 946 712 1002 et
739 943 868 1002 medulla
895 960 929 1002 ac
956 961 1047 1003 venae
1070 943 1102 1001 in

79 1035 179 1092 totam
210 1032 338 1091 formam
351 1033 449 1113 ¹‘illam
477 1052 508 1093 se
530 1036 568 1093 ut
597 1033 649 1090 fila
678 1031 807 1108 infigunt
835 1035 866 1091 ot
892 1051 946 1107 por
975 1051 1040 1090 eam
1070 1050 1101 1091 se

80 1124 178 1181 totam
207 1120 345 1181 dividunt
375 1125 405 1181 et
432 1123 517 1182 velut
542 1122 635 1182 nodos
664 1121 846 1198 compaginis
873 1120 1144 1197 ineoubique10

80 1210 211 1285 faciunt,
245 1211 295 1269 scd
319 1213 348 1270 et
372 1212 456 1272 velut
478 1212 649 1271 membrana
677 1211 726 1270 ovi
753 1210 914 1269 medullam
944 1210 1006 1269 eius
1040 1210 1094 1269 cir·

81 1299 232 1375 cumdant,
254 1319 329 1376 quaa
345 1304 448 1376 postea
462 1301 494 1360 in
510 1320 575 1360 ossa
590 1301 655 1360 erit.
685 1299 726 1359 ut
740 1302 812 1359 tunc
831 1300 874 1359 ita
889 1304 952 1359 tam
967 1299 1054 1375 plane
1070 1302 1101 1358 et

80 1392 145 1448 tam
168 1391 269 1465 aperte
292 1389 442 1465 figuratur
464 1394 501 1450 ut
523 1391 619 1450 forma
641 1389 751 1466 aliqua,
776 1408 865 1465 quam
887 1390 985 1464 pictor
1000 1391 1100 1464 aperte
1158 1399 1160 1402 ’

82 1478 114 1536 in
129 1478 258 1537 formam
273 1478 413 1554 aliquam·
426 1479 547 1556 figurat.
577 1479 617 1538 Et
638 1479 819 1554 ubicumque
842 1479 975 1537 membra
998 1478 1102 1537 futura

82 1570 181 1638 erunt,
203 1567 246 1626 ibi
270 1568 428 1628 divisiones
452 1587 547 1645 usque
571 1568 608 1627 ad
631 1568 810 1643 cataoniam,
840 1587 916 1643 quae
944 1587 978 1626 aa
1006 1567 1144 1626 adhuc15

80 1656 173 1716 simul
201 1656 321 1732 retinet,
356 1657 544 1728 scinduntur,
578 1658 662 1717 velut
684 1658 786 1728 limus,
820 1657 873 1732 qui
900 1656 938 1716 ad
967 1656 1102 1716 ardorem

81 1746 152 1805 solis
175 1745 333 1818 scinditur,
367 1766 400 1807 ac
423 1751 496 1806 tunc
525 1748 602 1806 sicca
629 1765 696 1806 caro
725 1746 760 1805 fit
787 1745 897 1805 siccata
919 1747 955 1805 de
980 1765 1102 1821 veneno,

82 1837 175 1911 atque
197 1839 278 1894 recta
305 1854 373 1895 caro
407 1839 488 1896 recto
516 1835 660 1913 sanguine
688 1834 889 1912 perfunditur.
933 1835 979 1894 De
1007 1836 1102 1894 calore

83 1924 163 1983 enim
185 1924 288 1984 matris
310 1925 341 1983 iu
364 1926 575 2003 pinguedinem
598 1925 813 2001 coagulationis
833 1924 951 2000 proficit
970 1926 1103 1984 nondum

82 2013 196 2090 vivens,
230 2013 281 2073 sed
314 2015 346 2072 in
379 2016 514 2091 praefato
549 2015 646 2074 calore
680 2015 848 2090 persistens,
880 2016 911 2072 et
939 2014 995 2073 hoc
1028 2032 1102 2089 opus
1116 2023 1144 2068 20

83 2103 116 2160 in
148 2121 208 2162 uuo
241 2121 339 2163 meuse
374 2109 431 2179 eat,
467 2104 578 2164 scilicet
609 2121 669 2180 quo
702 2105 773 2162 luna
803 2104 907 2162 crescit
937 2107 968 2162 et
995 2102 1102 2175 deficit3

82 2194 115 2251 et
146 2192 187 2250 sic
221 2193 311 2252 etiam
342 2194 492 2269 praedicta
522 2192 692 2268 coagulatio
728 2192 834 2252 crescit
868 2196 898 2251 et
927 2192 1103 2269 pinguescit,

83 2281 238 2357 quoniam,
269 2282 296 2342 si
326 2282 358 2340 in
390 2284 445 2342 hac
481 2281 662 2360 pinguedine
698 2301 758 2341 non
788 2281 1001 2357 vivificaretur,
1038 2282 1103 2339 tota

82 2371 257 2448 siccaretur,
300 2372 336 2430 de
376 2393 436 2449 qua
475 2372 606 2432 siccitate
644 2374 738 2430 mater
778 2370 909 2429 multum
948 2370 1035 2429 tarda
1074 2372 1104 2428 et

81 2460 186 2520 dolens
208 2461 385 2521 efficeretur.
1114 2468 1142 2514 25

151 2550 197 2609 Dc
220 2551 341 2610 animae
363 2551 528 2623 infusione.
561 2549 675 2609 Deinde
692 2549 770 2609 sicut
793 2549 865 2607 deus
888 2548 955 2607 vult
979 2550 1009 2606 et
1025 2547 1102 2606 sicut

81 2638 149 2697 fieri
164 2639 320 2715 disposuit,
336 2641 418 2699 venit
433 2640 617 2715 spiraculum
632 2640 712 2700 vitae
729 2643 759 2699 et
770 2640 897 2698 formam
909 2636 992 2695 illam
1007 2638 1102 2695 matre

82 2727 231 2788 nesciente
250 2729 348 2806 tangit
367 2733 404 2788 ut
427 2730 581 2789 vehemens
604 2727 718 2788 calidus
740 2731 856 2803 ventus,
880 2726 964 2785 velut
986 2728 1101 2800 ventus,

83 2816 138 2894 qui
160 2817 192 2875 in
214 2818 360 2893 parietem
383 2837 453 2878 cum
476 2837 547 2878 sono
570 2818 629 2893 flat,
654 2837 687 2877 ac
704 2837 735 2877 se
751 2817 883 2877 infundit
899 2819 930 2876 st
945 2816 1056 2893 infligit
1072 2817 1103 2874 in

81 2925 184 2967 omnes
206 2925 365 2984 compages
387 2908 589 2967 membrorum
613 2907 726 2966 formae
748 2908 838 2967 illius.
877 2906 916 2965 Et
941 2906 982 2966 sic
1003 2925 1103 2966 omnes
1116 2915 1144 2961 30

79 2995 241 3056 divisiones
258 2996 460 3057 membrorum
476 2997 609 3058 eiusdem
624 2996 737 3056 formae
753 3017 771 3055 a
786 3015 817 3055 se
828 2997 960 3056 suaviter
971 2997 1015 3056 ita
1027 2996 1101 3055 divi·

83 3085 207 3158 duntur,
223 3088 260 3145 ut
275 3087 361 3146 flores
378 3086 416 3145 ad
432 3088 558 3146 calorem
574 3085 645 3145 solis
660 3104 691 3145 se
707 3085 855 3146 dividunt.
890 3084 947 3144 Sed
962 3089 992 3144 et
1007 3084 1103 3143 adhuc

79 3175 167 3234 tanta
177 3174 368 3235 imbecillitas
379 3177 411 3234 in
424 3177 526 3235 eadem
537 3177 632 3234 forma
644 3177 697 3250 est,
710 3175 792 3250 quod
802 3177 918 3235 moveri
927 3192 986 3232 non
996 3176 1103 3249 potest,

81 3263 133 3323 sed
149 3264 234 3337 iacet,
250 3268 287 3324 ut
303 3264 440 3342 dormiat,
457 3268 487 3325 ot
499 3264 613 3324 modice
625 3264 726 3340 spirat.
749 3264 789 3322 Et
800 3265 924 3339 spiritus
937 3267 1032 3322 totam
1043 3261 1102 3320 for·

80 3373 162 3412 mam
173 3353 257 3412 illam
267 3354 428 3430 pertransit
439 3374 504 3413 eam
514 3353 655 3430 replendo
667 3358 698 3411 et
713 3353 911 3413 confirmando
927 3353 958 3410 in
973 3350 1104 3409 medulla
1117 3361 1144 3404 ³5

81 3450 113 3501 at
134 3443 167 3501 in
190 3443 281 3516 vanis,
304 3443 350 3502 ita
366 3443 448 3519 quod
463 3447 536 3502 tunc
550 3443 618 3518 plus
634 3443 746 3513 crescit,
772 3462 863 3518 quam
877 3443 960 3518 prius
983 3440 1103 3511 faceret,

81 3550 179 3608 usque
211 3531 284 3591 dum
313 3551 378 3592 ossa
406 3551 498 3609 super
527 3531 695 3594 medullam
729 3534 940 3596 extenduntur
977 3532 1013 3589 et
1045 3528 1127 3586 dum
