2460 3862
347 130 487 186 CAUSAE
506 131 553 184 ΕΤ
572 130 691 185 culter
710 129 777 184 LIB.
800 129 831 183 V.
1029 136 1091 196 289

77 315 163 374 fseile
186 315 388 374 infirmabitur
416 318 445 374 et
472 335 530 375 nen
562 316 693 373 multum
724 315 777 373 <liu
803 315 897 390 vivet,
920 315 972 374 sed
994 317 1092 375 tumen

77 405 148 464 setis
183 423 268 463 senex
301 405 365 465 erit.
422 404 455 463 si
485 409 585 463 eutem
614 405 724 463 femine
756 408 814 476 est,
851 404 945 463 stulte
976 405 1035 463 erit
1064 409 1095 464 et

76 494 203 554 stridieb
227 498 256 552 et
279 493 429 568 iracunda,
454 493 505 553 sed
526 494 677 553 interdum
700 493 850 564 benivola,
880 493 923 552 itu
950 494 1031 570 quod
1059 513 1093 554 ex

74 584 131 642 hoe
156 582 314 658 amabitur,
344 585 375 641 et
403 601 488 660 saepe
517 602 585 643 eum
613 585 803 657 aslnneyemo
832 583 916 657 piebe
947 582 1094 659 fatigetur

76 677 107 732 et
130 672 219 730 etiam
242 691 301 732 non
323 673 455 731 multum
471 672 523 731 diu
538 673 627 747 vivet,
651 672 702 731 sed
716 675 814 754 temen
830 672 903 731 satis
925 690 1011 730 senex
1027 673 1121 733 erit.5
1145 702 1151 711 ·

166 762 260 822 Luna
290 766 391 821 octavu
419 762 541 823 decime.
598 761 657 831 Qui
687 762 718 820 in
753 768 857 821 octavu
884 762 997 820 decime
1022 762 1094 820 luna

74 851 252 927 coneipitur,
276 852 301 910 si
323 852 472 910 masculus
496 855 547 920 est,
572 851 623 910 fur
637 851 694 910 erit
709 853 740 909 et
755 850 950 927 cupiditatem
973 851 1093 908 furendi

74 940 168 999 habet
203 942 233 999 et
260 941 303 999 itu
330 941 495 1015 reperietur
524 941 582 1015 fur,
615 945 645 1000 et
673 941 840 1017 proprietas
866 943 963 998 terrae
991 940 1018 997 ei
1045 941 1093 998 ab·

75 1029 237 1104 strabitur,
270 1031 315 1088 ita
343 1029 423 1105 quod
447 1029 508 1089 fere
536 1029 612 1088 nihil
635 1030 793 1106 proprium
817 1030 852 1087 de
874 1033 954 1088 terra
978 1029 1094 1104 quaerit

76 1119 198 1193 habere,
234 1119 346 1178 seilicet
377 1137 429 1178 nee
460 1138 547 1196 egros
579 1137 633 1178 nee
665 1121 766 1178 vineas
797 1137 850 1177 nee
883 1118 1004 1190 similia,
1041 1119 1091 1176 sed
1107 1122 1135 1168 10

76 1226 195 1284 semper
216 1208 282 1267 eliis
305 1208 431 1280 auferre,
458 1228 533 1285 quse
560 1227 614 1267 sue
642 1227 701 1268 non
733 1212 817 1280 sunt;
850 1210 880 1266 et
908 1208 939 1266 in
972 1226 1093 1282 corpere

76 1314 166 1357 sanus
190 1300 235 1355 est
258 1300 288 1356 et
309 1316 363 1374 per
386 1316 416 1357 se
441 1298 493 1357 diu
515 1298 605 1358 vivet.
651 1296 682 1356 Si
704 1315 773 1358 vero
789 1296 898 1356 femine
920 1300 972 1372 est,
996 1301 1094 1356 astute

76 1387 133 1446 erit
158 1390 188 1445 et
209 1387 348 1462 vulpinos
370 1405 466 1446 mores
488 1385 612 1446 habebit
633 1391 663 1446 et
677 1387 753 1451 nihil
768 1387 830 1445 fere
850 1387 994 1462 loquitur,
1017 1387 1094 1445 sieut

75 1477 106 1534 in
129 1474 218 1534 eorde
240 1474 337 1547 habet,
360 1475 410 1534 sed
433 1481 559 1552 propter
580 1476 745 1552 nequitiam
769 1494 886 1534 morum
910 1494 1033 1534 suorum
1061 1475 1091 1533 in

76 1565 197 1641 loquela
220 1583 275 1623 sun
296 1565 429 1624 homines
453 1566 565 1640 deeipit
586 1569 617 1624 et
632 1566 741 1642 probos
756 1565 890 1624 homiues
905 1565 943 1623 ad
962 1568 1089 1623 mortem
1103 1568 1129 1612 1⁵

73 1653 220 1730 perducit,
257 1654 282 1712 si
314 1655 438 1731 poterit,
476 1657 506 1713 et
538 1673 607 1713 sane
639 1658 685 1714 est
719 1654 750 1712 in
781 1672 912 1729 corpore,
952 1653 1003 1712 sed
1038 1672 1090 1728 per

75 1743 220 1802 insanium
242 1742 393 1802 interdum
416 1744 562 1820 fatigetur
590 1748 620 1803 et
643 1744 695 1803 diu
718 1762 773 1820 per
799 1762 830 1802 se
857 1743 956 1802 vivere
982 1747 1089 1818 potest,

76 1831 126 1891 sed
149 1832 201 1890 isti
222 1851 319 1891 mores
334 1835 396 1890 tam
411 1833 537 1891 maseuli
553 1852 644 1908 quem
659 1833 786 1892 feminae
802 1832 857 1891 dee
873 1832 992 1891 molesti
1012 1836 1089 1891 sunt.

164 1921 259 1979 Lerne
282 1939 364 1980 nona
387 1923 509 1985 decime.
556 1921 614 1991 Qui
637 1923 668 1981 in
691 1922 903 1981 nonadecima
931 1922 1003 1980 luna
1026 1940 1090 1981 eon·
1188 1981 1192 1987 ,

77 2010 195 2086 cipitur,
219 2010 243 2069 si
265 2011 413 2070 masculus
436 2016 489 2086 est,
513 2011 637 2086 simplex
661 2012 719 2070 erit
741 2015 771 2070 et
793 2029 851 2070 non
880 2013 1010 2086 astutus,
1039 2011 1089 2070 sed
1103 2013 1131 2059 20

77 2099 209 2157 amabilis
231 2099 410 2176 hominibus,
434 2104 464 2159 et
486 2101 626 2175 superbie
649 2121 751 2159 rerum
774 2101 802 2159 ei
818 2100 942 2175 deficiet,
964 2100 1022 2158 nisi
1037 2119 1090 2174 per

77 2189 149 2247 elios
172 2187 305 2247 homines
327 2190 457 2265 iuvetur,
482 2192 512 2247 et
534 2208 622 2249 sanus
645 2191 676 2248 in
699 2208 823 2265 corpere
847 2193 900 2264 est,
921 2188 972 2248 sed
993 2191 1091 2247 tamen

76 2296 133 2336 nen
157 2276 210 2336 diu
232 2278 321 2336 vivet.
367 2276 398 2336 Si
421 2281 521 2338 autem
544 2279 654 2338 femina
677 2283 729 2354 est,
753 2278 846 2337 stulta
867 2278 925 2336 erit
947 2280 1091 2336 ettamen

76 2364 210 2425 amabilis
233 2367 411 2442 hominibus,
435 2370 465 2426 et
487 2368 518 2425 in
540 2369 679 2444 superbia
701 2387 756 2427 sua
778 2368 864 2426 facile
888 2365 1012 2438 deficiet,
1034 2366 1089 2423 nisi

77 2455 111 2514 ab
135 2456 201 2514 aliis
223 2460 423 2516 succurratur.
462 2457 502 2515 Et
524 2456 610 2516 facile
632 2456 842 2530 infirmabitur,
867 2455 918 2514 sed
941 2455 1000 2513 nito
1025 2473 1089 2513 eon·
1104 2464 1132 2509 25

75 2546 211 2619 vuleseet,
235 2549 265 2604 et
286 2563 346 2604 non
370 2545 423 2604 diu
444 2547 535 2606 vivet.

149 2633 303 2696 Vicestmn.
341 2634 400 2703 Qui
422 2635 453 2693 in
468 2635 606 2695 vicesima
620 2635 692 2693 luna
707 2634 881 2709 coneipitur,
904 2633 930 2691 si
945 2632 1093 2691 musculus

77 2726 130 2799 est,
155 2722 250 2782 virilis
273 2723 331 2781 erit
353 2725 383 2782 et
405 2725 501 2782 malus
524 2728 553 2784 et
569 2725 647 2783 latro
663 2727 693 2782 et
707 2723 864 2793 homicide,
888 2725 918 2780 et
940 2721 986 2780 his
1001 2722 1093 2781 delen·

75 2813 158 2871 tetur
181 2815 211 2870 et
232 2831 292 2870 nen
314 2812 400 2871 facile
420 2813 600 2886 infirmatum
624 2813 673 2872 sed
697 2813 721 2871 si
736 2811 893 2870 infirmitas
908 2830 977 2870 eum
989 2830 1092 2886 uppre-

75 2900 225 2976 henderit,
258 2901 389 2978 graviter
420 2902 589 2961 infirmatur
612 2907 642 2961 et
664 2921 722 2961 non
751 2900 804 2959 diu
830 2901 921 2960 vivet.
968 2899 1000 2959 si
1022 2919 1092 2960 vero
1105 2908 1134 2956 30

75 2989 185 3048 femina
207 2992 258 3064 est,
288 2990 476 3051 uerrelberen
508 2995 538 3050 et
565 2992 742 3050 eedebseren
774 2991 832 3049 erit
862 2993 892 3048 et
915 2990 1043 3049 venefica
1066 2993 1095 3049 et

75 3078 245 3138 hominibus
268 3078 394 3138 libenter
417 3081 553 3155 nerpe'bet,
585 3084 615 3139 et
638 3080 725 3139 facile
747 3079 879 3138 lunatiea
902 3079 960 3137 erit
990 3082 1020 3138 et
1043 3078 1095 3137 (liu

75 3168 165 3229 vivet.

173 3256 319 3317 Vicesima
336 3259 450 3330 prime.
497 3258 556 3327 Qui
587 3259 618 3316 in
642 3258 780 3317 vieesima
806 3259 903 3334 prima
929 3257 1002 3315 luna
1025 3275 1091 3315 eon-

76 3346 197 3421 eipitur,
220 3347 245 3405 si
267 3347 416 3407 masculus
439 3350 491 3422 est,
514 3348 608 3406 inanis
632 3351 729 3407 mente
753 3351 783 3406 et
799 3366 886 3407 sensu
902 3347 957 3405 erit
973 3348 1002 3405 et
1014 3346 1093 3404 omni
1106 3354 1134 3401 35

75 3435 201 3494 tristitie
223 3436 336 3511 plenus,
361 3437 443 3496 etin
466 3437 550 3495 nulla
573 3455 661 3496 eausa
683 3437 740 3497 seit
762 3436 819 3496 sibi
847 3434 1012 3513 providere,
1045 3436 1094 3494 sed

76 3528 163 3598 <est>
188 3527 225 3583 ut
239 3525 359 3596 stultus
376 3526 429 3602 qui
443 3526 474 3584 in
487 3526 537 3586 vie
549 3529 636 3598 erret;
654 3529 684 3585 et
697 3527 753 3586 iste
769 3525 801 3585 in
816 3544 846 3585 se
860 3527 925 3600 ipso
942 3524 1050 3583 arescit
1063 3530 1096 3582 et
