2438 3854
120 128 183 187 220
508 119 754 176 HILDEGARDIS

185 396 232 454 De
257 395 331 454 citae
353 396 459 470 siquis.
505 394 580 455 cum
603 395 692 454 homo
715 413 807 454 senus
830 396 865 454 iu
891 414 1017 472 corpore
1038 397 1117 473 ests?

118 485 218 543 oculos
234 503 327 558 puros
349 488 380 543 et
402 485 572 560 perlucidos
587 485 683 559 hebet,
707 483 923 562 cuiuscunque
947 486 1052 546 eoloris
1070 489 1118 561 sint

119 575 238 650 siguum
258 575 337 632 vitoe
359 577 454 645 tenet3
478 574 529 649 ito,
552 575 577 632 si
600 573 679 633 oculi
703 574 767 634 eius
790 573 849 634 hoc
875 575 970 635 modo
999 576 1117 652 perluoid‘

90 677 104 719 5
118 666 196 736 suut,
214 663 466 738 quemadmodum
477 663 602 722 condida
621 663 714 722 nubes
735 667 789 740 est,
805 683 862 739 per
879 685 978 741 quem
994 666 1120 725 interduo

118 752 201 811 velut
215 753 341 812 weitden
356 751 450 811 nubes
465 755 597 829 apparet,
621 755 651 811 et
665 753 722 811 iste
736 753 821 812 vivet
835 773 896 813 nee
912 755 976 814 cito
992 754 1122 818 morietur.

162 843 207 901 De
230 843 329 904 oeulis
368 839 444 899 Nem
467 842 549 901 visus
572 841 687 900 animae
716 842 748 901 in
771 843 870 902 oculis
894 843 1030 903 hominis
1054 845 1123 903 huius

118 935 222 1006 potens
238 935 290 1004 est,
306 950 374 990 oum
386 930 466 990 oculi
482 931 575 1007 ipsius
590 931 662 1006 puri
677 933 707 989 et
722 932 875 1007 perlucidi
896 938 982 1010 sunt,
1007 935 1123 1010 quonium

118 1022 216 1079 animo
232 1021 262 1079 in
278 1039 402 1096 corpore
418 1020 482 1078 eius
498 1023 634 1096 potenter
654 1019 744 1096 sedet,
768 1021 920 1096 quatinus
940 1023 1035 1098 plura
1057 1042 1124 1099 opere

79 1122 106 1166 ιο
121 1110 151 1167 in
168 1111 232 1185 ipso
246 1112 395 1185 operetur.
426 1107 514 1167 Oculi
530 1109 608 1167 euim
622 1108 750 1168 hominis
765 1110 917 1170 fenestrae
934 1113 1052 1171 enimse
1066 1115 1123 1172 suot

184 1200 230 1258 De
245 1199 337 1258 cerdis
352 1198 482 1257 turbidis
498 1203 525 1258 et
539 1199 626 1272 siquo
647 1199 759 1259 mortis.
791 1197 852 1268 Qui
877 1205 986 1260 eutem
1010 1202 1123 1260 turbidos

118 1289 220 1346 oculos
243 1287 339 1360 hebet,
363 1306 430 1346 eum
451 1306 539 1346 sanus
559 1290 611 1363 est,
636 1287 679 1346 ite
694 1287 775 1364 quod
791 1288 875 1347 oculi
901 1291 968 1349 eius
993 1309 1052 1350 non
1073 1292 1124 1350 suut

118 1377 273 1452 perlucidi,
286 1377 490 1453 cuiuscunque
502 1377 608 1436 coloris
619 1377 686 1452 siut
697 1377 817 1453 signum
829 1380 941 1439 mortis
952 1382 1054 1453 teuet;
1062 1380 1123 1452 item,

117 1468 140 1523 si
171 1467 249 1525 oculi
278 1467 341 1525 eius
368 1466 425 1524 hoo
447 1466 534 1526 modo
557 1465 672 1525 turbidi
695 1469 777 1540 sunt,
806 1467 894 1526 velut
918 1469 1028 1545 ulique
1050 1470 1123 1528 nubes

79 1568 105 1611 ro
119 1559 175 1630 ost,
214 1575 289 1632 quoe
319 1555 456 1631 superius
487 1555 532 1614 ita
560 1556 653 1630 spisse
684 1558 741 1630 est,
772 1554 856 1634 quod
892 1557 950 1616 sub
985 1577 1021 1616 eu
1057 1555 1123 1635 quui

121 1645 262 1704 roettbdeu
296 1645 389 1703 nubes
442 1645 619 1704 considerari
655 1662 714 1703 non
747 1646 859 1720 potest,
913 1649 945 1704 et
987 1648 1045 1707 iste
1079 1647 1122 1706 cito

120 1733 319 1792 infirmabitur
340 1738 369 1792 et
385 1752 464 1791 mors
488 1733 695 1809 subsequetur.
725 1732 760 1790 In
782 1733 850 1792 visu
873 1735 958 1794 euim
983 1737 1124 1796 oculorum

119 1821 245 1880 hominis
276 1823 363 1882 istius
390 1823 488 1880 anime
515 1825 620 1898 potens
647 1841 707 1880 nou
729 1826 786 1893 est,
820 1822 893 1899 quie
922 1844 1025 1900 peuce
1050 1841 1125 1902 opere
1162 1830 1164 1879 ἓ

119 1910 160 1967 ibi
184 1912 356 1985 operabitur
379 1914 409 1970 et
433 1912 518 1987 quesi
541 1910 716 1972 obnubilato
737 1911 827 1983 sedet,
850 1913 939 1972 velut
962 1913 1064 1989 homo,
1084 1911 1125 1989 qui

78 2013 106 2057 20
119 2000 150 2056 in
173 2000 310 2074 opinione
333 2004 363 2058 et
390 2001 421 2058 in
444 2001 535 2060 dubio
559 2005 616 2072 est,
647 2001 765 2076 quando
788 2001 888 2060 sedem
913 2021 1004 2062 suum
1028 2004 1125 2063 deseret

121 2093 152 2147 et
175 2089 292 2164 quondo
316 2089 437 2148 domum
460 2109 545 2148 suem
567 2090 747 2166 egredietur.

186 2179 233 2237 De
255 2180 352 2253 sipoto
374 2180 461 2241 citae.
506 2179 603 2238 Homo
631 2180 720 2238 etiam
748 2197 817 2237 eum
843 2197 935 2239 senus
962 2185 1025 2257 est,
1056 2181 1126 2241 euius

119 2268 199 2326 color
231 2268 262 2325 in
291 2268 374 2343 genis
398 2267 452 2326 sub
476 2271 543 2326 oute
565 2265 676 2329 rubeus
700 2287 751 2328 seu
773 2267 925 2328 moderate
949 2270 1064 2330 rubeus
1084 2273 1126 2342 est,

121 2358 163 2415 ite
185 2359 265 2433 quod
289 2359 369 2416 color
391 2357 446 2415 iste
469 2358 523 2416 sub
547 2361 615 2416 oute
638 2359 783 2429 cernitur,
808 2357 899 2415 utin
922 2377 1031 2436 pomo,
1058 2357 1126 2435 quod

78 2458 106 2502 25
120 2446 306 2521 perlucidum
322 2450 352 2505 et
366 2465 477 2522 purum
493 2448 549 2505 est:
573 2447 691 2524 signum
714 2447 791 2506 vitoe
812 2446 910 2521 hebet,
935 2466 1008 2506 cum
1031 2449 1128 2508 rubeus

124 2538 205 2595 color
227 2538 259 2595 in
281 2537 364 2614 genis
388 2536 451 2594 eius
474 2535 529 2594 sub
553 2540 620 2595 cute
642 2537 774 2611 videtur,
797 2539 832 2595 ut
855 2536 885 2593 in
909 2537 1041 2597 candidu
1062 2537 1128 2596 nubo

120 2627 224 2697 evenit,
248 2645 302 2701 per
319 2645 409 2702 quam
424 2625 574 2683 interdum
590 2627 714 2684 weitden
735 2624 827 2683 nubes
850 2634 987 2700 epperet.
1020 2627 1062 2686 Et
1081 2627 1128 2684 iste

120 2716 201 2773 vivet
224 2734 277 2773 neo
300 2716 359 2774 cito
382 2714 535 2773 morietur.
566 2712 641 2772 Nam
664 2715 774 2773 rubeus
797 2715 885 2788 color,
909 2715 964 2789 qui
988 2716 1047 2775 sub
1070 2719 1128 2774 oute

120 2804 150 2859 iu
185 2805 267 2879 genis
298 2804 423 2863 hominis
452 2807 581 2879 epperet,
621 2807 657 2862 ut
693 2803 877 2878 praedictum
916 2809 975 2875 est,
1017 2806 1130 2883 igneum

77 2902 107 2946 3ο
119 2892 263 2965 spiramen
284 2895 372 2966 vitae,
396 2893 508 2951 seilicet
533 2894 654 2965 animae,
678 2895 731 2964 est,
754 2892 834 2968 quod
857 2891 956 2950 enims
978 2893 1062 2970 ignis
1084 2896 1130 2954 est

120 2981 158 3039 Et
185 2980 251 3038 ideo
279 2982 310 3039 in
338 2982 421 3057 genis
448 2983 627 3052 ostenditur,
657 2982 797 3058 quonium
825 2981 922 3039 enimc
952 2983 983 3040 in
1014 3000 1130 3060 corpore

119 3071 171 3128 illo
196 3087 298 3128 secura
321 3070 455 3130 sedetet
478 3072 536 3130 cito
561 3072 677 3129 exituro
699 3089 757 3129 uon
780 3074 831 3129 est.

164 3161 211 3220 De
233 3160 319 3233 siquo
342 3162 454 3219 mortis.
492 3160 566 3219 Gum
590 3164 690 3218 autem
712 3159 801 3218 homo
824 3176 911 3217 senus
934 3163 989 3234 est,
1015 3162 1042 3221 si
1065 3167 1131 3220 tunc

119 3250 229 3309 rubeus
255 3267 306 3307 seu
341 3248 491 3308 moderate
526 3247 635 3307 rubeus
666 3250 747 3307 color
777 3249 912 3324 ingenis
946 3250 1013 3309 eius
1047 3269 1132 3327 super

77 3352 104 3396 eo
119 3345 217 3400 cutem
245 3339 333 3414 iacet,
357 3339 400 3397 ite
423 3338 504 3413 quod
526 3338 609 3396 nulle
631 3337 708 3396 cutis
731 3337 786 3396 sub
810 3337 911 3395 eadem
934 3338 1082 3400 rubedine
1103 3341 1131 3398 in

116 3430 199 3509 genis
216 3427 393 3488 considerari
408 3429 518 3503 potest:
542 3427 659 3504 signum
680 3428 783 3486 mortis
804 3425 901 3497 hebet,
926 3445 998 3486 cum
1020 3430 1131 3490 rubedo

116 3519 149 3578 iu
170 3519 253 3596 genis
273 3518 337 3577 eius
359 3523 421 3578 tem
446 3516 563 3574 fortiter
585 3535 684 3592 presse
706 3535 796 3590 super
819 3518 915 3574 eutem
940 3517 1028 3592 iacet,
1054 3518 1132 3597 quod
