2460 3862
125 154 189 214 120
511 145 759 203 ffluoscssscls

125 332 298 392 cessandum
319 334 373 408 est,
395 333 475 409 quia,
497 332 523 390 si
543 335 618 391 tuuc
638 331 768 407 emplius
788 331 843 389 illu
863 331 968 391 effusio
983 331 1136 406 emittitur,

124 423 233 481 livores
256 422 400 498 sunguine
421 421 528 480 emisso
550 420 813 497 superhabundant
834 422 866 480 et
880 420 1088 481 melsncolium
1110 437 1139 478 ec

125 511 199 570 elius
220 514 317 586 pestes
339 511 371 569 in
392 511 496 570 eodem
517 509 636 570 homine
655 508 793 581 excitent,
824 510 967 585 quonium
983 513 1139 587 paupertas

125 599 279 676 sanguinis
300 599 343 658 eis
369 600 504 660 insistere
534 618 594 658 nou
620 599 710 660 velet
754 597 813 658 Sed
838 603 870 658 et
893 598 1138 676 quemadmodum

97 689 235 750 sesuries
256 689 374 764 corpori
395 690 475 749 vires
496 689 614 763 minuit,
636 688 681 748 ite
694 689 786 747 etiem
799 688 996 748 immoderate
1013 689 1138 749 minutio

124 779 278 855 sanguinis
300 796 408 855 corpus
429 777 526 837 debile
548 777 629 852 fucit,
651 777 805 837 moderate
826 795 898 838 vero
921 778 1043 854 corpori
1066 778 1136 838 seui·

124 871 217 927 tutem
244 866 365 943 tribuit,
399 868 479 927 sicut
504 871 536 927 et
557 866 728 926 moderatus
750 866 835 926 cibus
861 871 893 925 et
919 869 1013 943 potus
1035 882 1139 943 corpus

125 956 294 1019 sublevent.

192 1046 319 1119 Quando
340 1047 507 1106 minuatur.
552 1044 611 1115 Qui
633 1046 720 1104 fortis
741 1046 773 1104 et
794 1062 882 1104 senus
908 1047 1001 1121 etque
1028 1062 1138 1105 crassus

85 1150 113 1195 1o
125 1135 156 1193 iu
179 1153 303 1210 corpore
325 1138 379 1210 est,
401 1134 453 1193 ille
474 1135 506 1193 in
524 1135 615 1194 tertio
629 1153 730 1193 mense
744 1134 868 1208 minuat
890 1133 963 1210 quic
976 1134 1008 1193 in
1023 1131 1137 1195 duobus

125 1225 291 1302 augmentis
321 1228 353 1283 et
383 1223 415 1282 iu
454 1224 571 1283 duobus
608 1223 793 1283 denimentis
826 1223 914 1282 lunae
951 1225 1076 1301 sanguis
1112 1224 1137 1282 iu

124 1313 241 1373 homine
277 1313 336 1372 iem
375 1312 414 1371 ed
445 1330 476 1372 se
506 1312 597 1372 rediit
634 1314 666 1372 et
696 1330 787 1372 venue
820 1312 884 1372 eius
920 1312 1025 1387 plenae
1066 1318 1138 1382 suut

124 1403 275 1479 quonism,
297 1403 323 1461 si
345 1400 431 1478 prius
454 1402 603 1477 minuerit,
624 1419 656 1461 se
678 1401 805 1461 debilem
827 1401 909 1474 fecit
932 1401 1005 1477 quis
1020 1401 1138 1480 sanguis

125 1492 257 1551 nondum
289 1491 366 1551 vires
395 1509 465 1551 sues
499 1492 539 1550 ad
574 1492 698 1568 plenum
728 1490 853 1567 recepit,
893 1491 941 1551 vel
970 1490 997 1550 si
1028 1491 1139 1551 diutue

86 1597 113 1642 15
126 1581 286 1656 distulerit,
317 1580 438 1658 sanguis
468 1580 500 1638 iu
522 1599 557 1640 eo
579 1578 844 1656 superhabundans
865 1579 1010 1655 inficitur,
1042 1580 1140 1639 idest

125 1670 210 1746 quusi
243 1671 275 1729 iu
306 1670 400 1728 faeces
437 1669 574 1733 vertitur.
630 1669 666 1728 In
703 1668 882 1729 detnimento
919 1671 1022 1728 eutem
1055 1669 1139 1728 lunee

125 1760 249 1830 minuet,
261 1759 373 1818 scilicet
386 1759 418 1816 iu
432 1759 530 1833 primo
544 1758 601 1831 die,
613 1777 683 1818 cum
693 1758 766 1817 luno
776 1758 942 1817 decrescere
957 1757 1074 1835 incipit,
1089 1761 1140 1817 aut

125 1850 156 1907 iu
178 1848 306 1907 secunde
327 1847 434 1907 autin
456 1848 546 1907 tertio
567 1850 621 1908 eut
642 1849 673 1906 in
696 1851 804 1925 quurte
826 1852 880 1907 eut
900 1847 932 1905 iu
959 1846 1069 1923 quintu
1091 1853 1140 1906 eut

129 1938 161 1995 in
183 1940 265 1996 sexte
286 1932 341 2008 die'‚
364 1941 395 1995 et
416 1940 489 1996 tuuc
511 1943 611 2009 cesset
634 1937 706 2012 quio
727 1937 812 2013 prior
834 1941 865 1996 et
878 1939 999 2012 postero
1012 1936 1140 1997 minutio

88 2031 191 2086 uotam
213 2025 297 2085 utilis
320 2045 378 2084 non
400 2026 469 2098 erit3
499 2028 530 2084 et
555 2045 614 2086 non
642 2027 758 2085 minuet
783 2026 814 2084 in
840 2026 1022 2085 incremento
1045 2026 1141 2096 luuoe,

125 2115 205 2191 quod
227 2115 355 2174 minutio
378 2116 431 2174 illa
452 2115 558 2174 nocive
580 2119 633 2188 est,
658 2114 799 2192 quonism
819 2117 891 2173 tuuc
905 2114 988 2174 tubes
1003 2115 1140 2193 sanguini

125 2205 296 2264 intermixta
325 2204 412 2264 feoile
446 2204 482 2263 cb
517 2223 552 2263 eo
575 2205 708 2281 seperari
741 2223 799 2264 uon
839 2207 947 2279 potest.
1002 2201 1080 2262 Nem
1112 2204 1141 2262 in

126 2298 285 2372 augmento
311 2294 400 2352 luuee
426 2294 548 2371 sanguis
575 2297 607 2353 et
635 2295 719 2354 tubes
744 2293 835 2352 simul
861 2294 894 2351 iu
915 2291 1035 2351 homine
1058 2293 1142 2370 qussi

125 2384 276 2443 moderate
308 2383 407 2443 fluunt
437 2401 490 2441 nec
516 2401 547 2442 se
578 2386 651 2442 tuuc
681 2382 768 2442 focile
794 2382 923 2457 separari
950 2382 1142 2457 permittunt

84 2486 113 2532 ts
126 2473 204 2533 siout
214 2473 331 2549 fluvius,
347 2472 400 2548 qui
415 2471 446 2531 in
461 2472 526 2531 loco
542 2490 597 2531 suo
611 2475 773 2547 temperate
786 2489 906 2531 currens
917 2471 1039 2531 modum
1052 2489 1143 2531 suum

124 2566 235 2633 servet3
266 2562 297 2620 in
326 2561 501 2621 detrimento
525 2565 625 2621 cutem
648 2562 735 2620 lunae
757 2561 879 2638 sanguis
901 2560 1021 2619 concuti
1043 2563 1076 2619 et
1097 2561 1141 2620 in·

124 2651 237 2710 undere
263 2651 360 2727 megin
391 2650 498 2726 incipit
524 2654 555 2709 et
577 2649 677 2710 tabem
708 2650 917 2726 supereffluere
944 2649 1029 2722 fecit,
1059 2650 1145 2710 uelut

124 2741 212 2799 fortis
245 2739 400 2798 inundatio
435 2758 537 2815 aquae,
572 2757 648 2816 quse
683 2739 795 2799 foetido
826 2740 858 2797 in
888 2757 920 2798 se
952 2738 1087 2799 ostendit
1114 2743 1145 2799 et

125 2846 261 2904 spumam
284 2829 320 2887 de
342 2846 373 2888 se
397 2829 474 2892 eicit
512 2827 570 2888 Sed
592 2829 719 2888 minutio
741 2829 773 2888 in
795 2829 877 2888 venis
900 2827 995 2904 magis
1022 2829 1144 2888 senibus

83 2928 112 2974 oo
126 2917 266 2994 congruit
287 2936 377 2992 quem
400 2918 565 2989 iuvenibus,
589 2917 731 2994 quonium
753 2917 874 2994 sanguis
888 2916 920 2976 iu
935 2915 1016 2976 venis
1039 2935 1144 2977 senum

125 3006 193 3083 plus
215 3005 283 3064 tube
305 3007 470 3082 permixtus
493 3012 537 3066 est
559 3026 650 3083 quam
673 3006 794 3083 sanguis
820 3007 852 3064 in
879 3005 961 3065 venis
987 3004 1144 3070 iuuenum.

125 3095 274 3155 Masculus
304 3098 416 3167 temen,
450 3096 476 3155 si
509 3114 626 3157 necesse
656 3096 760 3167 fuerit,
794 3096 826 3154 in
855 3093 1032 3155 duodecimo
1063 3114 1143 3155 enno

126 3185 231 3245 aetatis
245 3202 316 3244 suae
332 3203 436 3244 venum
460 3184 589 3246 incidere
610 3187 717 3261 potest,
742 3183 825 3261 quod
847 3184 968 3261 sanguis
982 3184 1015 3244 in
1030 3202 1066 3244 eo
1080 3186 1142 3244 iem

126 3275 310 3334 confortetis
333 3277 389 3349 est,
423 3271 473 3333 sed
500 3279 598 3334 temen
631 3274 668 3333 ud
702 3292 870 3334 mensuram
897 3273 982 3332 illum
1016 3274 1144 3348 minuat,

86 3367 273 3440 acquantum
300 3362 377 3423 duae
403 3366 495 3423 testee
526 3382 610 3423 nucis
642 3363 731 3422 unius
759 3381 862 3439 cepere
888 3363 1002 3439 velent,
1033 3367 1065 3422 et
1087 3362 1146 3422 hoc

126 3454 217 3513 societ
249 3452 339 3512 semel
372 3452 403 3511 iu
441 3471 517 3511 uuno
554 3458 584 3512 et
615 3471 711 3529 usque
744 3452 782 3511 ud
814 3452 954 3529 quintum
994 3452 1144 3512 decimum

126 3561 245 3617 sunum,
278 3542 383 3619 quinto
418 3542 531 3603 decimo
566 3545 666 3602 autem
700 3560 790 3616 enno,
824 3542 896 3618 quic
926 3541 987 3600 iem
1021 3541 1146 3621 unguis
