2460 3862
163 160 225 220 116
549 151 796 209 Hlmmesms
835 176 838 181 ·

160 338 294 415 pomaria
316 341 347 398 et
369 357 415 410 ea,
443 356 520 414 quae
547 355 649 398 euneos
674 337 785 398 habeut
807 341 838 398 et
857 336 1068 398 humiditatem
1096 339 1183 398 velut

157 427 308 503 herbulae,
340 428 373 486 in
401 427 499 504 prima
530 427 708 486 comestione
730 446 785 486 sua
817 427 936 501 devitet,
969 426 1051 504 quod
1080 428 1182 488 tabem

156 520 188 576 et
211 516 336 577 livorem
368 535 402 576 ae
432 515 671 592 inquietudinem
699 516 731 574 iu
760 516 936 576 humoribus
966 517 996 575 ei
1026 516 1182 591 inferrent,

156 624 236 682 quae
258 609 375 682 postea,
403 606 476 665 dum
499 606 559 665 iam
582 605 769 682 aliquantum
792 604 850 666 eibi
865 604 1002 681 sumpsit,
1026 607 1182 666 comedere

128 698 268 771 epotast,
291 697 323 755 et
343 699 416 755 tune
439 694 467 755 ei
489 694 586 773 magis
608 695 766 755 sanitatem
789 713 880 772 quam
902 694 1087 754 debilitatem
1113 714 1179 754 eoo·

159 783 271 847 ferunt.

224 875 270 934 De
287 874 433 948 moade.
478 873 600 933 Homini
632 875 733 933 autem
766 891 837 934 sano
866 874 899 932 in
920 890 1044 950 eorpore
1066 873 1181 933 bonum

154 968 188 1022 et
210 963 329 1023 salubre
344 966 388 1023 est
402 967 528 1039 propter
542 963 649 1022 bonam
663 963 871 1040 digestionem,
893 964 931 1021 ut
945 981 962 1020 a
977 960 1044 1021 oibo
1059 962 1180 1038 prandii

156 1071 189 1113 se
216 1053 366 1112 eontineat
392 1070 487 1128 usque
515 1052 577 1110 fere
604 1055 672 1111 ante
699 1052 830 1111 mediam
857 1051 936 1111 diem
963 1053 994 1111 et
1016 1051 1097 1110 eirea
1120 1071 1179 1111 me·

121 1148 148 1193 10
162 1141 243 1200 diam
266 1142 353 1201 diem.
398 1140 519 1200 Infirmo
541 1159 612 1201 vero
635 1144 666 1200 et
688 1141 779 1201 debili
800 1159 834 1200 ae
848 1142 880 1200 in
894 1158 1017 1216 eorpore
1032 1139 1182 1201 defieienti

160 1231 272 1290 honum
295 1234 326 1290 et
347 1230 465 1290 salubre
487 1232 540 1306 est,
569 1234 606 1290 ut
628 1250 713 1289 mane
735 1231 886 1307 prandeat,
918 1228 1061 1306 quatinus
1093 1230 1180 1299 vires,

157 1338 232 1396 quas
254 1338 309 1396 per
330 1338 361 1380 se
382 1339 442 1378 non
464 1319 561 1395 habet,
585 1319 622 1378 ds
644 1319 717 1379 oihis
740 1320 845 1380 saltem
861 1319 968 1395 capiat.
996 1316 1047 1378 Ad
1060 1324 1180 1379 noetem

159 1428 279 1485 quoque
310 1409 427 1468 eosdem
457 1409 539 1468 eibos
570 1409 659 1468 homo
690 1409 841 1468 comedere
871 1411 972 1484 potest
997 1409 1029 1467 et
1060 1408 1180 1469 eosdem

158 1502 249 1574 potus
264 1516 388 1574 sumere,
404 1517 480 1574 quos
496 1499 527 1556 in
543 1497 591 1557 die
606 1498 742 1574 sumpsit,
758 1499 784 1557 si
800 1498 939 1573 voluerit,
955 1499 986 1555 et
1000 1499 1074 1557 tuna
1090 1498 1181 1556 etiam

118 1596 146 1641 15
160 1590 225 1646 tam
246 1588 421 1664 tempestive
451 1591 518 1646 ante
549 1591 667 1647 nostem
698 1587 840 1658 comedat,
872 1588 916 1656 ut
949 1588 1112 1662 antequam
1144 1586 1180 1644 ad

156 1676 367 1736 donniendum
378 1694 409 1736 se
421 1676 554 1751 oollooet,
570 1675 838 1736 deambulationem
854 1694 938 1736 suam
952 1674 1061 1734 babere
1075 1676 1180 1751 possit.

227 1766 272 1824 De
290 1770 381 1838 polus
403 1767 581 1827 diversitate.
618 1765 789 1824 Pretiosum
812 1768 913 1824 autem
935 1767 966 1823 et
979 1765 1059 1824 forte
1074 1765 1180 1823 vinum

155 1852 288 1913 bibitum
310 1872 399 1914 venas
421 1859 452 1914 et
474 1854 647 1931 sanguinem
671 1854 800 1914 hominis
814 1854 927 1914 iniusto
943 1853 1033 1912 modo
1049 1870 1179 1913 eommo-

157 1945 208 2000 vet
231 1946 262 2002 et
283 1942 423 2003 humores
455 1963 489 2003 ao
518 1962 634 2003 omnem
664 1942 884 2018 humiditatem,
912 1943 966 2019 qui
994 1942 1026 2000 iu
1058 1941 1181 2002 homine

65 2045 79 2072 ⁶
112 2040 144 2087 ‘lo
158 2034 237 2102 sunt,
261 2032 297 2090 ad
313 2051 343 2091 se
358 2032 460 2107 trehit,
483 2034 567 2092 velut
582 2033 775 2110 purgatoriae
791 2033 928 2109 potiones
942 2032 1066 2107 faciunt,
1091 2036 1126 2091 et
1139 2032 1182 2091 ita

158 2139 227 2179 enm
244 2121 377 2195 periculo
392 2125 460 2181 ante
474 2125 627 2181 maturum
641 2125 760 2198 tempus
774 2122 891 2180 urinam
907 2120 1058 2180 interdum
1068 2121 1180 2180 educit.

158 2209 248 2280 Quod
270 2209 461 2270 Hunouioum
484 2211 589 2270 vinum
611 2230 670 2270 non
693 2211 775 2280 feeit,
808 2210 880 2286 quia
901 2213 963 2268 tam
985 2208 1079 2269 fortes
1103 2210 1181 2269 vires

158 2299 190 2357 in
213 2318 244 2358 se
266 2319 325 2359 non
352 2300 449 2375 habet,
485 2300 566 2376 quod
600 2300 739 2359 humores
770 2299 899 2359 bominis
933 2317 1024 2374 supra
1055 2297 1181 2358 modum

159 2406 344 2449 commovere
367 2390 471 2466 possit.
515 2389 556 2448 Et
587 2389 654 2448 ideo
687 2389 766 2449 vires
797 2388 922 2464 pretiosi
944 2387 1006 2448 viui
1028 2390 1083 2446 aut
1107 2407 1182 2464 pune

114 2488 144 2534 25
157 2478 299 2554 imposito
323 2481 376 2538 aut
401 2499 479 2555 aqua
501 2479 601 2537 infuse
619 2479 806 2549 minuantur,
838 2478 910 2554 quia
940 2494 993 2535 nee
1023 2493 1097 2535 sano
1130 2495 1181 2536 nee

158 2567 276 2626 infirmo
304 2567 419 2626 homini
448 2568 528 2626 valet
558 2567 594 2626 ad
622 2566 784 2626 bibendum
812 2567 857 2625 sie
887 2584 945 2625 non
971 2569 1181 2641 temperatum.

157 2656 214 2715 Sed
236 2675 350 2715 neeesse
372 2675 431 2715 non
454 2659 508 2729 est,
532 2661 568 2714 ut
583 2656 774 2715 Hunonieum
794 2657 898 2715 vinum
922 2655 965 2715 sio
985 2657 1180 2732 temperetur,

158 2745 299 2847 qnoniam
322 2746 414 2804 fortes
437 2746 515 2804 vires
538 2746 569 2803 iu
592 2764 623 2804 se
645 2765 706 2805 non
732 2746 830 2806 habet
876 2743 934 2804 Sed
955 2745 1056 2803 tamen
1078 2744 1106 2804 si
1129 2744 1180 2803 ali·

158 2834 226 2908 quis
248 2833 336 2893 homo
360 2834 388 2892 ei
409 2853 518 2909 aquam
541 2834 699 2895 infundere
722 2834 853 2895 voluerit
874 2836 929 2893 aut
949 2851 1058 2908 panem
1079 2832 1179 2909 impo-

115 2931 145 2977 3ο
158 2941 228 2981 nere
251 2925 281 2980 et
303 2921 345 2980 sie
367 2923 477 2998 bibere,
500 2926 584 2982 tanto
599 2925 719 2984 suavior
735 2923 857 3000 quidem
878 2923 917 2981 ad
938 2921 1104 2982 bibendum
1127 2926 1182 2995 est,

158 3011 209 3071 sed
232 3030 291 3070 non
313 3013 397 3071 tanto
428 3012 536 3078 sanior
582 3012 692 3072 Vinum
724 3017 825 3071 autem
855 3010 1032 3071 naturaliter
1062 2986 1180 3088 aliquid

157 3100 320 3177 aquatile
312 3121 342 3158 rn
366 3120 396 3160 se
418 3100 516 3176 habet,
540 3103 612 3178 quia
634 3103 717 3162 etde
734 3120 802 3161 rore
817 3105 848 3160 et
863 3100 900 3160 de
914 3100 1019 3177 pluvia
1033 3100 1180 3162 nutritur

157 3190 196 3249 Et
218 3190 286 3250 iude
309 3189 399 3248 etiam
421 3194 474 3261 est,
498 3192 579 3266 quod
602 3191 698 3268 homo,
723 3191 904 3267 quirinum
927 3188 1017 3264 bibit,
1042 3189 1180 3266 quamvis

157 3280 234 3339 illud
255 3279 369 3340 assidue
392 3279 484 3353 bibat,
507 3283 538 3338 et
560 3300 618 3340 nen
642 3300 760 3357 aquam,
784 3280 816 3340 iu
838 3279 983 3356 sanguine
1003 3296 1059 3339 suo
1078 3282 1180 3338 tumen

114 3376 144 3423 es
158 3369 305 3445 aquatiles
328 3367 468 3428 humores
492 3367 590 3430 habet.

225 3460 302 3518 Item
317 3458 353 3517 de
367 3459 527 3533 sanquine.
566 3457 641 3516 Nam
662 3460 784 3536 sanguis
807 3457 909 3516 aridus
931 3460 963 3516 et
983 3456 1082 3517 sieeua
1104 3461 1179 3516 esset

153 3552 187 3604 ee
206 3567 267 3607 non
289 3547 406 3624 flueret,
438 3547 518 3608 sieut
547 3566 601 3608 neo
623 3547 754 3607 medulla
776 3548 853 3619 fluit,
885 3547 910 3607 si
932 3546 1059 3606 livorem
1085 3563 1179 3623 aquae
