2460 3862
123 153 186 214 122
282 161 288 170 '
510 142 757 201 HILDEGARDIS

123 332 253 408 portant,
283 347 374 404 quam
396 328 547 388 medianae
569 330 623 387 aut
649 329 792 405 epaticae3
826 330 858 387 et
890 327 957 388 ideo
992 327 1137 389 salubrius

123 424 176 492 est,
207 420 245 478 ut
273 417 304 476 in
335 416 485 493 cephalica
511 418 632 495 sanguis
663 418 780 494 saepius
808 417 964 478 minuatur
997 418 1138 494 quamin

124 509 191 569 aliis
213 507 308 569 venie.
336 505 411 566 llam
434 507 488 584 qui
510 508 641 566 multum
662 507 772 584 flegma
792 511 825 566 in
846 507 944 583 capite
966 508 998 566 et
1018 507 1053 566 in
1074 525 1139 586 pec·

123 602 189 658 tore
211 595 309 672 babet,
336 599 389 655 aut
410 596 460 655 cui
482 600 573 674 caput
593 596 707 672 reboat,
740 597 785 657 ite
813 596 895 673 quod
924 596 1049 656 auditus
1080 596 1139 655 eiua

96 687 191 748 elude
214 686 402 763 aliquantum
417 685 593 762 obduratur,
615 686 789 763 sanguinem
803 685 835 744 in
850 685 1001 761 cephalica
1015 684 1137 760 minuat,

124 777 175 836 sed
208 778 308 836 tamen
337 779 521 852 praecaveat,
554 795 591 835 ne
617 775 749 834 multum
772 775 926 852 sanguinis
946 773 991 834 ibi
1014 775 1138 850 emittat,

123 884 160 925 ne
190 865 269 925 forte
300 865 380 924 oculi
411 865 475 924 eius
507 864 611 924 exinde
645 864 773 941 caligare
807 864 964 940 incipiant,
1000 865 1139 940 quoniam

124 955 271 1031 quaedam
294 954 426 1030 venulae,
450 972 527 1030 quae
549 954 588 1013 ad
610 954 711 1014 oculos
725 953 861 1026 tendunt,
884 952 956 1029 ipsis
971 944 1139 1028 adbaerent

124 1045 167 1103 ita
188 1047 233 1120 ut,
255 1044 281 1104 ei
303 1045 417 1102 multus
438 1044 559 1120 sangnis
582 1043 620 1102 ab
652 1062 687 1102 ea
716 1043 862 1115 aufertur,
894 1042 986 1101 etiam
1016 1043 1138 1102 venulae

85 1144 111 1190 ιο
123 1131 179 1192 eibi
203 1132 394 1192 adhaerentes
409 1133 554 1209 sanguine
569 1134 753 1192 evacuantur
774 1135 804 1190 et
826 1132 871 1191 ita
892 1130 980 1191 homo
1000 1131 1034 1190 in
1050 1131 1138 1192 oculis

123 1223 251 1300 caligare
273 1222 388 1297 incipit.

191 1312 238 1371 Dc
260 1311 486 1383 scarificatione.
533 1309 589 1370 (lui
612 1312 693 1371 oculi
715 1330 733 1368 a
759 1310 847 1369 malis
868 1308 1050 1369 humoribus
1073 1309 1137 1370 cali·

124 1420 195 1477 gare
218 1401 365 1476 incipiunt
387 1403 441 1459 aut
463 1400 512 1458 cui
538 1402 666 1460 ulcerosi
696 1403 767 1459 sunt
799 1400 848 1459 vel
881 1398 931 1458 oui
963 1416 1033 1458 caro
1068 1399 1139 1459 circa

125 1490 226 1550 oculos
261 1489 418 1562 evolvitur,
452 1492 532 1548 retro
567 1508 652 1549 aures
685 1492 715 1549 et
736 1490 815 1548 inter
836 1488 979 1548 cervicem
1004 1489 1138 1548 cornibus

84 1592 112 1636 le
125 1583 179 1637 aut
200 1579 330 1639 ventosis
353 1578 526 1656 sanguinem
547 1578 698 1638 moderate
719 1578 844 1652 minuat,
877 1580 910 1639 et
942 1575 999 1636 boc
1028 1579 1077 1636 ter
1099 1576 1139 1638 vel

124 1671 229 1743 quater
259 1669 291 1727 in
323 1687 397 1728 anuo
432 1667 531 1743 faciat,
565 1668 614 1727 vel
636 1668 662 1728 si
684 1667 802 1743 saepius
825 1665 868 1725 ibi
890 1683 945 1742 pro
967 1667 1139 1726 necessitate

125 1756 287 1815 sacrificare
309 1758 384 1831 vult,
407 1761 491 1816 tanto
514 1757 613 1816 minue
635 1756 788 1833 sanguinis
811 1756 943 1827 emittat,
969 1773 1008 1814 ne
1030 1756 1057 1814 si
1081 1773 1138 1814 san·

125 1845 247 1921 guinem
269 1864 361 1922 supra
393 1845 517 1905 modum
548 1845 714 1918 abstulerit,
753 1845 821 1903 iude
853 1843 1001 1907 laedatur.
1046 1844 1089 1904 Ilt
1110 1863 1140 1904 ea

125 1936 211 2008 parte
234 1935 364 2010 corporis
387 1936 419 1994 in
441 1954 515 1994 vene
538 1936 713 2013 sanguinem
727 1934 853 2009 minuat,
876 1953 936 2010 qua
949 1936 1037 2008 parte
1053 1933 1140 1993 dolet

84 2035 112 2080 ao
125 2021 157 2081 Si
181 2023 248 2099 quis
270 2023 301 2081 in
324 2023 427 2101 lingna
450 2024 538 2100 dolet,
569 2025 612 2083 ita
645 2023 727 2100 quod
758 2025 812 2082 aut
840 2025 938 2083 tumet
961 2025 1016 2080 aut
1038 2024 1139 2094 sciret,

126 2130 191 2171 eam
213 2116 267 2172 aut
289 2131 357 2172 cum
380 2113 496 2172 modico
518 2114 678 2173 flebotomo
699 2115 752 2171 aut
772 2131 840 2172 cum
860 2113 960 2172 &coto
978 2130 1141 2190 parumper

124 2200 243 2275 incidat,
266 2206 302 2262 nt
324 2201 434 2262 ibidem
457 2203 533 2263 livor
562 2205 712 2278 erumpat,
736 2205 766 2261 et
793 2201 900 2260 melius
926 2199 1060 2262 habebit
1105 2201 1142 2260 ut

124 2291 230 2366 quiin
254 2291 391 2351 dentibus
418 2292 508 2368 dolet,
543 2310 611 2350 cum
644 2291 760 2351 modico
794 2289 953 2350 flebotomo
988 2293 1044 2348 aut
1076 2308 1141 2350 cum

124 2381 225 2441 &coto
258 2399 387 2453 carnem,
418 2400 493 2457 quae
524 2381 601 2440 circa
632 2381 758 2440 eundem
781 2379 899 2439 dentem
930 2382 988 2453 est,
1028 2378 1063 2438 id
1100 2382 1142 2439 eet

83 2481 110 2526 25
123 2471 295 2542 rccctlctcb,
328 2489 389 2529 uuo
419 2471 540 2530 vulnere
567 2469 718 2530 modicum
745 2469 870 2539 incidat,
907 2471 944 2526 ut
976 2467 1063 2527 tabes
1086 2468 1140 2528 ibi·

125 2559 192 2617 dem
213 2559 392 2637 egrediatur,
415 2562 445 2619 et
466 2559 573 2618 melius
595 2557 724 2622 habebit.
770 2557 830 2629 Qui
854 2560 954 2616 autem
975 2557 1065 2616 triste
1094 2575 1142 2616 cor

125 2650 155 2706 et
177 2666 347 2724 oppressam
366 2651 496 2708 mentem
515 2647 612 2720 habet,
636 2651 666 2707 et
688 2647 741 2723 qui
762 2648 794 2705 in
817 2646 952 2723 quolibet
974 2645 1069 2706 latere
1092 2650 1143 2705 aut

124 2737 154 2794 in
177 2739 317 2812 pulmone
332 2738 422 2809 dolet,
444 2738 477 2796 in
490 2737 626 2796 mediana
640 2737 814 2813 sanguinem
829 2736 953 2810 minuat,
975 2733 1028 2794 sed
1042 2738 1142 2795 tamen

125 2825 289 2901 moderate,
319 2831 356 2886 ut
377 2827 585 2886 fortitudinem
609 2825 706 2885 cordis
740 2825 882 2900 retineat,
920 2841 957 2881 ne
991 2824 1018 2883 si
1051 2843 1143 2901 supra

85 2925 112 2970 eo
125 2914 246 2972 modum
270 2915 312 2974 ibi
334 2916 506 2994 sanguinem
528 2915 679 2989 minuerit,
711 2915 742 2972 in
774 2914 862 2974 corde
885 2913 1010 2972 minuet
1055 2912 1144 2985 Quod

125 3003 150 3061 si
174 3004 321 3080 quispiam
343 3007 375 3064 in
397 3006 484 3065 corde
507 3004 597 3080 dolet,
626 3007 786 3080 antequam
815 3004 847 3061 in
868 3021 944 3063 vena
966 3001 1142 3078 sauguinem

124 3092 247 3167 minuat,
276 3095 307 3153 in
334 3094 435 3154 dextro
463 3094 583 3152 brachio
606 3094 638 3152 in
659 3092 795 3152 mediana
817 3090 992 3168 sanguinem
1015 3093 1142 3163 auferat,

125 3185 155 3241 et
177 3182 208 3240 in
231 3184 317 3242 corde
340 3185 447 3242 melius
469 3181 599 3242 hebebit.
644 3181 676 3241 Si
703 3182 771 3257 quis
799 3199 870 3241 vero
892 3181 924 3239 iu
946 3182 1035 3260 epate
1057 3183 1090 3239 et
1111 3181 1143 3239 iu

126 3272 225 3346 splene
250 3271 338 3348 dolet,
362 3276 416 3332 aut
437 3272 550 3348 siquis
572 3272 603 3329 in
619 3272 696 3331 eollo
719 3271 802 3330 etin
818 3273 943 3348 gutture
966 3269 1053 3345 quasi
1076 3287 1142 3329 con·

87 3370 114 3416 35
127 3361 289 3420 elusionem
312 3362 478 3438 spiraminis
501 3361 599 3436 sentit,
633 3364 687 3419 aut
710 3360 763 3436 qui
795 3359 954 3436 caliginem
982 3358 1015 3416 in
1047 3358 1142 3419 oculis

124 3450 248 3525 petitur,
280 3451 312 3508 in
342 3452 455 3527 epatica
486 3449 660 3527 sanguinem
681 3449 805 3524 minuet,
829 3450 859 3507 et
881 3447 989 3506 melius
1011 3445 1143 3510 babebit.

125 3538 211 3609 Quod
233 3538 258 3597 si
281 3539 312 3598 in
328 3541 442 3618 epatica
465 3542 518 3598 eut
540 3539 571 3597 in
587 3538 736 3615 cephalica
758 3538 830 3597 satis
854 3537 891 3597 de
913 3536 1058 3614 sanguine
1075 3537 1141 3597 aba·
