<?xml version="1.0" encoding="UTF-8"?>
<!DOCTYPE html PUBLIC "-//W3C//DTD XHTML 1.0 Transitional//EN"
    "http://www.w3.org/TR/xhtml1/DTD/xhtml1-transitional.dtd">
<html xmlns="http://www.w3.org/1999/xhtml" xml:lang="en" lang="en">
 <head>
  <title>
</title>
<meta http-equiv="Content-Type" content="text/html;charset=utf-8" />
  <meta name='ocr-system' content='tesseract 3.04.00' />
  <meta name='ocr-capabilities' content='ocr_page ocr_carea ocr_par ocr_line ocrx_word'/>
</head>
<body>
  <div class='ocr_page' id='page_1' title='image "./hildegardiscaus01hildgoog_0031.png"; bbox 0 0 2460 3862; ppageno 0'>
   <div class='ocr_carea' id='block_1_1' title="bbox 156 192 789 262">
    <p class='ocr_par' dir='ltr' id='par_1_1' title="bbox 156 192 789 262">
     <span class='ocr_line' id='line_1_1' title="bbox 156 192 789 262; baseline -0.016 0"><span class='ocrx_word' id='word_1_1' title='bbox 156 204 197 262; x_wconf 89' lang='grc'><strong>20</strong></span> <span class='ocrx_word' id='word_1_2' title='bbox 541 192 789 252; x_wconf 76' lang='lat' dir='ltr'><strong>HILDEGARDIS</strong></span> 
     </span>
    </p>
   </div>
   <div class='ocr_carea' id='block_1_2' title="bbox 114 380 1177 3490">
    <p class='ocr_par' dir='ltr' id='par_1_2' title="bbox 128 380 1176 1169">
     <span class='ocr_line' id='line_1_2' title="bbox 154 380 1175 456; baseline 0 -16"><span class='ocrx_word' id='word_1_3' title='bbox 154 382 186 440; x_wconf 92' lang='lat' dir='ltr'><strong>in</strong></span> <span class='ocrx_word' id='word_1_4' title='bbox 208 381 343 441; x_wconf 83' lang='lat' dir='ltr'><strong>claritate</strong></span> <span class='ocrx_word' id='word_1_5' title='bbox 375 399 429 440; x_wconf 90' lang='lat' dir='ltr'><strong>sua</strong></span> <span class='ocrx_word' id='word_1_6' title='bbox 460 385 630 456; x_wconf 88' lang='lat' dir='ltr'><strong>appareant,</strong></span> <span class='ocrx_word' id='word_1_7' title='bbox 661 380 687 440; x_wconf 88' lang='lat' dir='ltr'><strong>si</strong></span> <span class='ocrx_word' id='word_1_8' title='bbox 718 384 791 440; x_wconf 87' lang='lat' dir='ltr'><strong>tuno</strong></span> <span class='ocrx_word' id='word_1_9' title='bbox 818 380 919 456; x_wconf 88' lang='lat' dir='ltr'><strong>aliqua</strong></span> <span class='ocrx_word' id='word_1_10' title='bbox 945 382 1040 440; x_wconf 90' lang='lat' dir='ltr'><strong>nubes</strong></span> <span class='ocrx_word' id='word_1_11' title='bbox 1072 399 1175 440; x_wconf 90' lang='lat' dir='ltr'><strong>omnes</strong></span> 
     </span>
     <span class='ocr_line' id='line_1_3' title="bbox 155 470 1175 548; baseline -0.003 -17"><span class='ocrx_word' id='word_1_12' title='bbox 155 470 256 531; x_wconf 90' lang='lat' dir='ltr'><strong>stellas</strong></span> <span class='ocrx_word' id='word_1_13' title='bbox 286 470 408 548; x_wconf 76' lang='lat' dir='ltr'><strong>obtegit,</strong></span> <span class='ocrx_word' id='word_1_14' title='bbox 438 470 482 529; x_wconf 87' lang='lat' dir='ltr'><strong>ita</strong></span> <span class='ocrx_word' id='word_1_15' title='bbox 512 473 548 529; x_wconf 88' lang='lat' dir='ltr'><strong>ut</strong></span> <span class='ocrx_word' id='word_1_16' title='bbox 577 471 673 530; x_wconf 88' lang='lat' dir='ltr'><strong>videri</strong></span> <span class='ocrx_word' id='word_1_17' title='bbox 702 489 761 530; x_wconf 89' lang='lat' dir='ltr'><strong>non</strong></span> <span class='ocrx_word' id='word_1_18' title='bbox 788 471 903 546; x_wconf 76' lang='lat' dir='ltr'><strong>possint</strong></span> <span class='ocrx_word' id='word_1_19' title='bbox 932 470 1016 529; x_wconf 89' lang='lat' dir='ltr'><strong>nulla</strong></span> <span class='ocrx_word' id='word_1_20' title='bbox 1042 471 1175 530; x_wconf 89' lang='lat' dir='ltr'><strong>motione</strong></span> 
     </span>
     <span class='ocr_line' id='line_1_4' title="bbox 155 559 1174 632; baseline -0.001 -13"><span class='ocrx_word' id='word_1_21' title='bbox 155 561 231 619; x_wconf 86' lang='lat' dir='ltr'><strong>aeris</strong></span> <span class='ocrx_word' id='word_1_22' title='bbox 246 560 395 632; x_wconf 86' lang='lat' dir='ltr'><strong>existente,</strong></span> <span class='ocrx_word' id='word_1_23' title='bbox 419 563 448 619; x_wconf 90' lang='lat' dir='ltr'><strong>et</strong></span> <span class='ocrx_word' id='word_1_24' title='bbox 470 559 512 618; x_wconf 87' lang='lat' dir='ltr'><strong>sio</strong></span> <span class='ocrx_word' id='word_1_25' title='bbox 534 561 629 618; x_wconf 85' lang='lat' dir='ltr'><strong>totam</strong></span> <span class='ocrx_word' id='word_1_26' title='bbox 652 562 768 619; x_wconf 77' lang='lat' dir='ltr'><strong>noctem</strong></span> <span class='ocrx_word' id='word_1_27' title='bbox 790 560 874 618; x_wconf 88' lang='lat' dir='ltr'><strong>illam</strong></span> <span class='ocrx_word' id='word_1_28' title='bbox 896 562 996 618; x_wconf 88' lang='lat' dir='ltr'><strong>manet</strong></span> <span class='ocrx_word' id='word_1_29' title='bbox 1018 560 1066 619; x_wconf 89' lang='lat' dir='ltr'><strong>vel</strong></span> <span class='ocrx_word' id='word_1_30' title='bbox 1082 559 1174 619; x_wconf 88' lang='lat' dir='ltr'><strong>etiam</strong></span> 
     </span>
     <span class='ocr_line' id='line_1_5' title="bbox 155 648 1170 725; baseline -0.001 -17"><span class='ocrx_word' id='word_1_31' title='bbox 155 648 312 708; x_wconf 76' lang='lat' dir='ltr'><strong>seeundum</strong></span> <span class='ocrx_word' id='word_1_32' title='bbox 338 652 369 709; x_wconf 91' lang='lat' dir='ltr'><strong>et</strong></span> <span class='ocrx_word' id='word_1_33' title='bbox 398 649 518 708; x_wconf 86' lang='lat' dir='ltr'><strong>tertiam</strong></span> <span class='ocrx_word' id='word_1_34' title='bbox 541 650 657 708; x_wconf 90' lang='lat' dir='ltr'><strong>nootem</strong></span> <span class='ocrx_word' id='word_1_35' title='bbox 679 648 829 708; x_wconf 88' lang='lat' dir='ltr'><strong>similiter:</strong></span> <span class='ocrx_word' id='word_1_36' title='bbox 856 667 917 707; x_wconf 89' lang='lat' dir='ltr'><strong>non</strong></span> <span class='ocrx_word' id='word_1_37' title='bbox 940 649 1002 708; x_wconf 90' lang='lat' dir='ltr'><strong>sine</strong></span> <span class='ocrx_word' id='word_1_38' title='bbox 1024 648 1170 725; x_wconf 83' lang='lat' dir='ltr'><strong>signifiea-</strong></span> 
     </span>
     <span class='ocr_line' id='line_1_6' title="bbox 128 736 1174 813; baseline -0.002 -15"><span class='ocrx_word' id='word_1_39' title='bbox 128 739 236 798; x_wconf 74' lang='lat' dir='ltr'><strong>stione</strong></span> <span class='ocrx_word' id='word_1_40' title='bbox 259 738 385 797; x_wconf 89' lang='lat' dir='ltr'><strong>alieuius</strong></span> <span class='ocrx_word' id='word_1_41' title='bbox 412 737 542 813; x_wconf 80' lang='lat' dir='ltr'>portenti</span> <span class='ocrx_word' id='word_1_42' title='bbox 564 740 617 802; x_wconf 85' lang='lat' dir='ltr'><strong>est.</strong></span> <span class='ocrx_word' id='word_1_43' title='bbox 664 736 751 807; x_wconf 86' lang='lat' dir='ltr'><strong>Quod</strong></span> <span class='ocrx_word' id='word_1_44' title='bbox 777 737 918 797; x_wconf 89' lang='lat' dir='ltr'><strong>sinubes</strong></span> <span class='ocrx_word' id='word_1_45' title='bbox 943 738 997 796; x_wconf 91' lang='lat' dir='ltr'><strong>illa</strong></span> <span class='ocrx_word' id='word_1_46' title='bbox 1018 737 1119 797; x_wconf 88' lang='lat' dir='ltr'><strong>stellas</strong></span> <span class='ocrx_word' id='word_1_47' title='bbox 1141 738 1174 796; x_wconf 90' lang='lat' dir='ltr'><strong>in</strong></span> 
     </span>
     <span class='ocr_line' id='line_1_7' title="bbox 154 826 1176 904; baseline 0.002 -20"><span class='ocrx_word' id='word_1_48' title='bbox 154 827 220 886; x_wconf 86' lang='lat' dir='ltr'><strong>loco</strong></span> <span class='ocrx_word' id='word_1_49' title='bbox 242 846 303 887; x_wconf 91' lang='lat' dir='ltr'><strong>uno</strong></span> <span class='ocrx_word' id='word_1_50' title='bbox 326 830 445 886; x_wconf 87' lang='lat' dir='ltr'><strong>tantum</strong></span> <span class='ocrx_word' id='word_1_51' title='bbox 469 827 593 904; x_wconf 77' lang='lat' dir='ltr'>obtegit,</span> <span class='ocrx_word' id='word_1_52' title='bbox 619 827 663 886; x_wconf 86' lang='lat' dir='ltr'><strong>ita</strong></span> <span class='ocrx_word' id='word_1_53' title='bbox 689 826 770 903; x_wconf 90' lang='lat' dir='ltr'><strong>qnod</strong></span> <span class='ocrx_word' id='word_1_54' title='bbox 798 827 893 886; x_wconf 88' lang='lat' dir='ltr'><strong>videri</strong></span> <span class='ocrx_word' id='word_1_55' title='bbox 915 827 1121 902; x_wconf 87' lang='lat' dir='ltr'><strong>nonpossint,</strong></span> <span class='ocrx_word' id='word_1_56' title='bbox 1145 830 1176 886; x_wconf 91' lang='lat' dir='ltr'><strong>et</strong></span> 
     </span>
     <span class='ocr_line' id='line_1_8' title="bbox 154 915 1174 992; baseline 0 -17"><span class='ocrx_word' id='word_1_57' title='bbox 154 917 180 975; x_wconf 93' lang='lat' dir='ltr'><strong>si</strong></span> <span class='ocrx_word' id='word_1_58' title='bbox 210 917 304 976; x_wconf 90' lang='lat' dir='ltr'><strong>nubes</strong></span> <span class='ocrx_word' id='word_1_59' title='bbox 335 916 388 975; x_wconf 92' lang='lat' dir='ltr'><strong>illa</strong></span> <span class='ocrx_word' id='word_1_60' title='bbox 417 917 476 975; x_wconf 89' lang='lat' dir='ltr'><strong>oito</strong></span> <span class='ocrx_word' id='word_1_61' title='bbox 509 915 705 991; x_wconf 77' lang='lat' dir='ltr'><strong>subtrahitur,</strong></span> <span class='ocrx_word' id='word_1_62' title='bbox 734 916 811 974; x_wconf 88' lang='lat' dir='ltr'><strong>nihil</strong></span> <span class='ocrx_word' id='word_1_63' title='bbox 841 919 1003 992; x_wconf 80' lang='lat' dir='ltr'><strong>portentat,</strong></span> <span class='ocrx_word' id='word_1_64' title='bbox 1037 916 1174 992; x_wconf 82' lang='lat' dir='ltr'><strong>quamvis</strong></span> 
     </span>
     <span class='ocr_line' id='line_1_9' title="bbox 155 1005 523 1065; baseline 0.003 -1"><span class='ocrx_word' id='word_1_65' title='bbox 155 1006 240 1064; x_wconf 86' lang='lat' dir='ltr'><strong>nulla</strong></span> <span class='ocrx_word' id='word_1_66' title='bbox 261 1006 355 1065; x_wconf 91' lang='lat' dir='ltr'><strong>motio</strong></span> <span class='ocrx_word' id='word_1_67' title='bbox 378 1006 453 1063; x_wconf 90' lang='lat' dir='ltr'><strong>aeris</strong></span> <span class='ocrx_word' id='word_1_68' title='bbox 475 1005 523 1065; x_wconf 91' lang='lat' dir='ltr'><strong>sit.</strong></span> 
     </span>
     <span class='ocr_line' id='line_1_10' title="bbox 223 1092 1174 1169; baseline -0.003 -15"><span class='ocrx_word' id='word_1_69' title='bbox 223 1096 307 1167; x_wconf 78' lang='lat' dir='ltr'><strong>Quod</strong></span> <span class='ocrx_word' id='word_1_70' title='bbox 329 1095 470 1169; x_wconf 73' lang='lat' dir='ltr'><strong>planetae</strong></span> <span class='ocrx_word' id='word_1_71' title='bbox 497 1111 533 1154; x_wconf 75' lang='lat' dir='ltr'><strong>ee</strong></span> <span class='ocrx_word' id='word_1_72' title='bbox 560 1096 610 1154; x_wconf 75' lang='lat' dir='ltr'><strong>eoi</strong></span> <span class='ocrx_word' id='word_1_73' title='bbox 636 1098 750 1153; x_wconf 78' lang='lat' dir='ltr'><strong>notura</strong></span> <span class='ocrx_word' id='word_1_74' title='bbox 777 1095 856 1152; x_wconf 74' lang='lat' dir='ltr'><strong>nibil</strong></span> <span class='ocrx_word' id='word_1_75' title='bbox 883 1093 1060 1168; x_wconf 64' lang='lat' dir='ltr'><strong>mpoifieeot.</strong></span> <span class='ocrx_word' id='word_1_76' title='bbox 1110 1092 1174 1152; x_wconf 88' lang='lat' dir='ltr'><strong>Hae</strong></span> 
     </span>
    </p>

    <p class='ocr_par' dir='ltr' id='par_1_3' title="bbox 114 1183 1175 1618">
     <span class='ocr_line' id='line_1_11' title="bbox 114 1183 1173 1260; baseline -0.002 -16"><span class='ocrx_word' id='word_1_77' title='bbox 114 1201 142 1244; x_wconf 92' lang='lat'><strong>10</strong></span> <span class='ocrx_word' id='word_1_78' title='bbox 154 1185 254 1243; x_wconf 86' lang='lat' dir='ltr'><strong>autem</strong></span> <span class='ocrx_word' id='word_1_79' title='bbox 277 1183 503 1260; x_wconf 82' lang='lat' dir='ltr'><strong>significationes</strong></span> <span class='ocrx_word' id='word_1_80' title='bbox 534 1202 592 1243; x_wconf 90' lang='lat' dir='ltr'><strong>non</strong></span> <span class='ocrx_word' id='word_1_81' title='bbox 624 1184 749 1259; x_wconf 85' lang='lat' dir='ltr'><strong>propria</strong></span> <span class='ocrx_word' id='word_1_82' title='bbox 774 1184 887 1242; x_wconf 80' lang='lat' dir='ltr'><strong>virtute</strong></span> <span class='ocrx_word' id='word_1_83' title='bbox 915 1184 1050 1259; x_wconf 89' lang='lat' dir='ltr'><strong>ipsorum</strong></span> <span class='ocrx_word' id='word_1_84' title='bbox 1073 1183 1173 1258; x_wconf 84' lang='lat' dir='ltr'><strong>plane·</strong></span> 
     </span>
     <span class='ocr_line' id='line_1_12' title="bbox 154 1272 1175 1348; baseline 0 -16"><span class='ocrx_word' id='word_1_85' title='bbox 154 1276 255 1332; x_wconf 84' lang='lat' dir='ltr'><strong>tarum</strong></span> <span class='ocrx_word' id='word_1_86' title='bbox 278 1291 331 1332; x_wconf 90' lang='lat' dir='ltr'><strong>seu</strong></span> <span class='ocrx_word' id='word_1_87' title='bbox 353 1273 507 1332; x_wconf 83' lang='lat' dir='ltr'><strong>stellarum</strong></span> <span class='ocrx_word' id='word_1_88' title='bbox 529 1276 583 1331; x_wconf 89' lang='lat' dir='ltr'><strong>aut</strong></span> <span class='ocrx_word' id='word_1_89' title='bbox 603 1273 731 1332; x_wconf 90' lang='lat' dir='ltr'><strong>nubium</strong></span> <span class='ocrx_word' id='word_1_90' title='bbox 754 1272 838 1347; x_wconf 85' lang='lat' dir='ltr'><strong>fiunt,</strong></span> <span class='ocrx_word' id='word_1_91' title='bbox 862 1272 913 1332; x_wconf 91' lang='lat' dir='ltr'><strong>sed</strong></span> <span class='ocrx_word' id='word_1_92' title='bbox 935 1272 1129 1348; x_wconf 84' lang='lat' dir='ltr'><strong>permissione</strong></span> <span class='ocrx_word' id='word_1_93' title='bbox 1145 1276 1175 1332; x_wconf 89' lang='lat' dir='ltr'><strong>et</strong></span> 
     </span>
     <span class='ocr_line' id='line_1_13' title="bbox 153 1360 1173 1438; baseline -0.002 -17"><span class='ocrx_word' id='word_1_94' title='bbox 153 1362 308 1422; x_wconf 81' lang='lat' dir='ltr'><strong>voluntate</strong></span> <span class='ocrx_word' id='word_1_95' title='bbox 332 1381 365 1420; x_wconf 89' lang='lat' dir='ltr'><strong>ae</strong></span> <span class='ocrx_word' id='word_1_96' title='bbox 388 1362 599 1422; x_wconf 76' lang='lat' dir='ltr'><strong>constitutione</strong></span> <span class='ocrx_word' id='word_1_97' title='bbox 622 1361 677 1438; x_wconf 90' lang='lat' dir='ltr'><strong>dei,</strong></span> <span class='ocrx_word' id='word_1_98' title='bbox 701 1361 863 1421; x_wconf 89' lang='lat' dir='ltr'><strong>seeundum</strong></span> <span class='ocrx_word' id='word_1_99' title='bbox 878 1361 960 1437; x_wconf 90' lang='lat' dir='ltr'><strong>quod</strong></span> <span class='ocrx_word' id='word_1_100' title='bbox 983 1362 1057 1420; x_wconf 89' lang='lat' dir='ltr'><strong>deus</strong></span> <span class='ocrx_word' id='word_1_101' title='bbox 1080 1360 1173 1419; x_wconf 93' lang='lat' dir='ltr'><strong>homi·</strong></span> 
     </span>
     <span class='ocr_line' id='line_1_14' title="bbox 155 1450 1175 1528; baseline -0.001 -19"><span class='ocrx_word' id='word_1_102' title='bbox 155 1451 241 1509; x_wconf 87' lang='lat' dir='ltr'><strong>nibus</strong></span> <span class='ocrx_word' id='word_1_103' title='bbox 265 1471 354 1528; x_wconf 89' lang='lat' dir='ltr'><strong>opera</strong></span> <span class='ocrx_word' id='word_1_104' title='bbox 375 1452 509 1527; x_wconf 91' lang='lat' dir='ltr'><strong>ipsorum</strong></span> <span class='ocrx_word' id='word_1_105' title='bbox 532 1452 733 1511; x_wconf 82' lang='lat' dir='ltr'><strong>demonstrare</strong></span> <span class='ocrx_word' id='word_1_106' title='bbox 754 1450 893 1526; x_wconf 79' lang='lat' dir='ltr'><strong>voluerit,</strong></span> <span class='ocrx_word' id='word_1_107' title='bbox 921 1450 1175 1526; x_wconf 83' lang='lat' dir='ltr'><strong>quemadmodum</strong></span> 
     </span>
     <span class='ocr_line' id='line_1_15' title="bbox 155 1539 841 1618; baseline 0.001 -19"><span class='ocrx_word' id='word_1_108' title='bbox 155 1559 294 1600; x_wconf 88' lang='lat' dir='ltr'><strong>nummus</strong></span> <span class='ocrx_word' id='word_1_109' title='bbox 316 1542 475 1618; x_wconf 77' lang='lat' dir='ltr'><strong>imaginem</strong></span> <span class='ocrx_word' id='word_1_110' title='bbox 499 1541 612 1600; x_wconf 91' lang='lat' dir='ltr'><strong>domini</strong></span> <span class='ocrx_word' id='word_1_111' title='bbox 634 1542 681 1600; x_wconf 90' lang='lat' dir='ltr'><strong>sui</strong></span> <span class='ocrx_word' id='word_1_112' title='bbox 705 1539 841 1601; x_wconf 81' lang='lat' dir='ltr'><strong>ostendit.</strong></span> 
     </span>
    </p>

    <p class='ocr_par' dir='ltr' id='par_1_4' title="bbox 114 1627 1177 2063">
     <span class='ocr_line' id='line_1_16' title="bbox 114 1627 1174 1705; baseline -0.003 -15"><span class='ocrx_word' id='word_1_113' title='bbox 114 1646 141 1690; x_wconf 83' lang='lat'><strong>15</strong></span> <span class='ocrx_word' id='word_1_114' title='bbox 221 1630 269 1688; x_wconf 87' lang='lat' dir='ltr'><strong>De</strong></span> <span class='ocrx_word' id='word_1_115' title='bbox 291 1631 405 1689; x_wconf 80' lang='lat' dir='ltr'><strong>uiribus</strong></span> <span class='ocrx_word' id='word_1_116' title='bbox 427 1632 517 1704; x_wconf 73' lang='lat' dir='ltr'><strong>ignis</strong></span> <span class='ocrx_word' id='word_1_117' title='bbox 562 1630 643 1689; x_wconf 89' lang='lat' dir='ltr'><strong>Deus</strong></span> <span class='ocrx_word' id='word_1_118' title='bbox 670 1631 772 1705; x_wconf 88' lang='lat' dir='ltr'><strong>itaque</strong></span> <span class='ocrx_word' id='word_1_119' title='bbox 795 1648 864 1688; x_wconf 88' lang='lat' dir='ltr'><strong>eum</strong></span> <span class='ocrx_word' id='word_1_120' title='bbox 886 1627 1031 1687; x_wconf 92' lang='lat' dir='ltr'><strong>mundum</strong></span> <span class='ocrx_word' id='word_1_121' title='bbox 1055 1629 1174 1703; x_wconf 78' lang='lat' dir='ltr'><strong>creavit,</strong></span> 
     </span>
     <span class='ocr_line' id='line_1_17' title="bbox 154 1719 1176 1796; baseline 0 -21"><span class='ocrx_word' id='word_1_122' title='bbox 154 1722 285 1794; x_wconf 85' lang='lat' dir='ltr'><strong>quatuor</strong></span> <span class='ocrx_word' id='word_1_123' title='bbox 307 1719 465 1790; x_wconf 82' lang='lat' dir='ltr'><strong>elementia,</strong></span> <span class='ocrx_word' id='word_1_124' title='bbox 492 1719 604 1778; x_wconf 78' lang='lat' dir='ltr'><strong>scilieet</strong></span> <span class='ocrx_word' id='word_1_125' title='bbox 631 1720 715 1796; x_wconf 89' lang='lat' dir='ltr'><strong>igne,</strong></span> <span class='ocrx_word' id='word_1_126' title='bbox 741 1738 816 1790; x_wconf 87' lang='lat' dir='ltr'><strong>aere,</strong></span> <span class='ocrx_word' id='word_1_127' title='bbox 845 1737 923 1794; x_wconf 89' lang='lat' dir='ltr'><strong>aqua</strong></span> <span class='ocrx_word' id='word_1_128' title='bbox 945 1719 976 1776; x_wconf 86' lang='lat' dir='ltr'><strong>et</strong></span> <span class='ocrx_word' id='word_1_129' title='bbox 997 1720 1083 1776; x_wconf 88' lang='lat' dir='ltr'><strong>terra</strong></span> <span class='ocrx_word' id='word_1_130' title='bbox 1107 1737 1176 1777; x_wconf 92' lang='lat' dir='ltr'><strong>eum</strong></span> 
     </span>
     <span class='ocr_line' id='line_1_18' title="bbox 155 1807 1175 1885; baseline 0 -19"><span class='ocrx_word' id='word_1_131' title='bbox 155 1807 352 1883; x_wconf 83' lang='lat' dir='ltr'><strong>confirmavit,</strong></span> <span class='ocrx_word' id='word_1_132' title='bbox 379 1812 416 1867; x_wconf 91' lang='lat' dir='ltr'><strong>ut</strong></span> <span class='ocrx_word' id='word_1_133' title='bbox 438 1809 624 1883; x_wconf 85' lang='lat' dir='ltr'><strong>praedictum</strong></span> <span class='ocrx_word' id='word_1_134' title='bbox 647 1812 700 1870; x_wconf 85' lang='lat' dir='ltr'><strong>est.</strong></span> <span class='ocrx_word' id='word_1_135' title='bbox 746 1808 829 1885; x_wconf 84' lang='lat' dir='ltr'><strong>Ignis</strong></span> <span class='ocrx_word' id='word_1_136' title='bbox 852 1807 939 1883; x_wconf 91' lang='lat' dir='ltr'><strong>enim,</strong></span> <span class='ocrx_word' id='word_1_137' title='bbox 963 1807 1016 1882; x_wconf 87' lang='lat' dir='ltr'><strong>qui</strong></span> <span class='ocrx_word' id='word_1_138' title='bbox 1039 1824 1175 1866; x_wconf 90' lang='lat' dir='ltr'><strong>summus</strong></span> 
     </span>
     <span class='ocr_line' id='line_1_19' title="bbox 154 1894 1176 1972; baseline 0 -19"><span class='ocrx_word' id='word_1_139' title='bbox 154 1897 187 1954; x_wconf 90' lang='lat' dir='ltr'><strong>in</strong></span> <span class='ocrx_word' id='word_1_140' title='bbox 209 1895 395 1957; x_wconf 83' lang='lat' dir='ltr'><strong>firmamento</strong></span> <span class='ocrx_word' id='word_1_141' title='bbox 428 1902 458 1955; x_wconf 90' lang='lat' dir='ltr'><strong>et</strong></span> <span class='ocrx_word' id='word_1_142' title='bbox 488 1898 520 1956; x_wconf 92' lang='lat' dir='ltr'><strong>in</strong></span> <span class='ocrx_word' id='word_1_143' title='bbox 543 1897 694 1956; x_wconf 85' lang='lat' dir='ltr'><strong>elementis</strong></span> <span class='ocrx_word' id='word_1_144' title='bbox 722 1906 776 1968; x_wconf 91' lang='lat' dir='ltr'><strong>est,</strong></span> <span class='ocrx_word' id='word_1_145' title='bbox 809 1897 941 1972; x_wconf 91' lang='lat' dir='ltr'><strong>quinque</strong></span> <span class='ocrx_word' id='word_1_146' title='bbox 969 1896 1047 1955; x_wconf 88' lang='lat' dir='ltr'><strong>vires</strong></span> <span class='ocrx_word' id='word_1_147' title='bbox 1077 1894 1176 1971; x_wconf 86' lang='lat' dir='ltr'><strong>habet,</strong></span> 
     </span>
     <span class='ocr_line' id='line_1_20' title="bbox 153 1984 1177 2063; baseline 0 -20"><span class='ocrx_word' id='word_1_148' title='bbox 153 1984 291 2044; x_wconf 83' lang='lat' dir='ltr'><strong>videlieet</strong></span> <span class='ocrx_word' id='word_1_149' title='bbox 306 1987 449 2061; x_wconf 87' lang='lat' dir='ltr'><strong>ardorem,</strong></span> <span class='ocrx_word' id='word_1_150' title='bbox 466 1986 660 2063; x_wconf 87' lang='lat' dir='ltr'><strong>geliditatem,</strong></span> <span class='ocrx_word' id='word_1_151' title='bbox 683 1985 847 2057; x_wconf 87' lang='lat' dir='ltr'><strong>humorem,</strong></span> <span class='ocrx_word' id='word_1_152' title='bbox 869 2004 975 2056; x_wconf 89' lang='lat' dir='ltr'><strong>aerem,</strong></span> <span class='ocrx_word' id='word_1_153' title='bbox 999 1984 1177 2057; x_wconf 87' lang='lat' dir='ltr'><strong>motionem;</strong></span> 
     </span>
    </p>

    <p class='ocr_par' dir='ltr' id='par_1_5' title="bbox 114 2071 1176 2508">
     <span class='ocr_line' id='line_1_21' title="bbox 114 2071 1176 2152; baseline -0.001 -18"><span class='ocrx_word' id='word_1_154' title='bbox 114 2089 143 2134; x_wconf 75' lang='lat'><strong>20</strong></span> <span class='ocrx_word' id='word_1_155' title='bbox 155 2075 404 2150; x_wconf 89' lang='lat' dir='ltr'><strong>quemadmodum</strong></span> <span class='ocrx_word' id='word_1_156' title='bbox 425 2076 513 2134; x_wconf 92' lang='lat' dir='ltr'><strong>homo</strong></span> <span class='ocrx_word' id='word_1_157' title='bbox 530 2075 661 2152; x_wconf 90' lang='lat' dir='ltr'><strong>quinque</strong></span> <span class='ocrx_word' id='word_1_158' title='bbox 680 2075 812 2134; x_wconf 82' lang='lat' dir='ltr'><strong>sensibus</strong></span> <span class='ocrx_word' id='word_1_159' title='bbox 828 2074 971 2135; x_wconf 79' lang='lat' dir='ltr'><strong>consistit</strong></span> <span class='ocrx_word' id='word_1_160' title='bbox 1004 2071 1080 2131; x_wconf 88' lang='lat' dir='ltr'><strong>Nam</strong></span> <span class='ocrx_word' id='word_1_161' title='bbox 1096 2074 1176 2151; x_wconf 89' lang='lat' dir='ltr'><strong>ignis</strong></span> 
     </span>
     <span class='ocr_line' id='line_1_22' title="bbox 156 2162 1176 2242; baseline -0.001 -21"><span class='ocrx_word' id='word_1_162' title='bbox 156 2163 248 2240; x_wconf 89' lang='lat' dir='ltr'><strong>ardet,</strong></span> <span class='ocrx_word' id='word_1_163' title='bbox 272 2165 324 2223; x_wconf 92' lang='lat' dir='ltr'><strong>sed</strong></span> <span class='ocrx_word' id='word_1_164' title='bbox 346 2165 484 2242; x_wconf 79' lang='lat' dir='ltr'><strong>geliditas</strong></span> <span class='ocrx_word' id='word_1_165' title='bbox 507 2165 533 2223; x_wconf 90' lang='lat' dir='ltr'><strong>ei</strong></span> <span class='ocrx_word' id='word_1_166' title='bbox 558 2165 665 2239; x_wconf 83' lang='lat' dir='ltr'><strong>obstat,</strong></span> <span class='ocrx_word' id='word_1_167' title='bbox 688 2183 724 2222; x_wconf 91' lang='lat' dir='ltr'><strong>ne</strong></span> <span class='ocrx_word' id='word_1_168' title='bbox 745 2164 833 2223; x_wconf 88' lang='lat' dir='ltr'><strong>ardor</strong></span> <span class='ocrx_word' id='word_1_169' title='bbox 856 2165 919 2223; x_wconf 90' lang='lat' dir='ltr'><strong>eius</strong></span> <span class='ocrx_word' id='word_1_170' title='bbox 934 2181 1026 2238; x_wconf 87' lang='lat' dir='ltr'><strong>supra</strong></span> <span class='ocrx_word' id='word_1_171' title='bbox 1049 2162 1176 2222; x_wconf 93' lang='lat' dir='ltr'><strong>modum</strong></span> 
     </span>
     <span class='ocr_line' id='line_1_23' title="bbox 156 2252 1176 2330; baseline -0.001 -19"><span class='ocrx_word' id='word_1_172' title='bbox 156 2253 312 2314; x_wconf 79' lang='lat' dir='ltr'><strong>disomrat.</strong></span> <span class='ocrx_word' id='word_1_173' title='bbox 359 2254 399 2312; x_wconf 79' lang='lat' dir='ltr'><strong>Et</strong></span> <span class='ocrx_word' id='word_1_174' title='bbox 420 2273 497 2330; x_wconf 86' lang='lat' dir='ltr'><strong>aqua</strong></span> <span class='ocrx_word' id='word_1_175' title='bbox 519 2253 676 2313; x_wconf 89' lang='lat' dir='ltr'><strong>humorem</strong></span> <span class='ocrx_word' id='word_1_176' title='bbox 699 2255 727 2312; x_wconf 93' lang='lat' dir='ltr'><strong>ei</strong></span> <span class='ocrx_word' id='word_1_177' title='bbox 747 2253 960 2325; x_wconf 88' lang='lat' dir='ltr'><strong>subministrat,</strong></span> <span class='ocrx_word' id='word_1_178' title='bbox 982 2257 1019 2311; x_wconf 90' lang='lat' dir='ltr'><strong>ut</strong></span> <span class='ocrx_word' id='word_1_179' title='bbox 1038 2252 1176 2311; x_wconf 84' lang='lat' dir='ltr'><strong>sufflatus</strong></span> 
     </span>
     <span class='ocr_line' id='line_1_24' title="bbox 153 2341 1176 2418; baseline -0.003 -16"><span class='ocrx_word' id='word_1_180' title='bbox 153 2344 248 2418; x_wconf 90' lang='lat' dir='ltr'><strong>ipsius</strong></span> <span class='ocrx_word' id='word_1_181' title='bbox 271 2341 420 2405; x_wconf 86' lang='lat' dir='ltr'><strong>aooendat.</strong></span> <span class='ocrx_word' id='word_1_182' title='bbox 463 2343 509 2401; x_wconf 90' lang='lat' dir='ltr'><strong>De</strong></span> <span class='ocrx_word' id='word_1_183' title='bbox 531 2362 597 2401; x_wconf 86' lang='lat' dir='ltr'><strong>aere</strong></span> <span class='ocrx_word' id='word_1_184' title='bbox 612 2346 712 2401; x_wconf 86' lang='lat' dir='ltr'><strong>autem</strong></span> <span class='ocrx_word' id='word_1_185' title='bbox 728 2343 907 2414; x_wconf 86' lang='lat' dir='ltr'><strong>aeeenditnr,</strong></span> <span class='ocrx_word' id='word_1_186' title='bbox 931 2347 962 2401; x_wconf 88' lang='lat' dir='ltr'><strong>et</strong></span> <span class='ocrx_word' id='word_1_187' title='bbox 984 2342 1020 2399; x_wconf 86' lang='lat' dir='ltr'><strong>de</strong></span> <span class='ocrx_word' id='word_1_188' title='bbox 1042 2342 1176 2400; x_wconf 90' lang='lat' dir='ltr'><strong>motione</strong></span> 
     </span>
     <span class='ocr_line' id='line_1_25' title="bbox 154 2432 744 2508; baseline 0.003 -18"><span class='ocrx_word' id='word_1_189' title='bbox 154 2432 329 2508; x_wconf 91' lang='lat' dir='ltr'><strong>impellitur,</strong></span> <span class='ocrx_word' id='word_1_190' title='bbox 351 2434 388 2490; x_wconf 92' lang='lat' dir='ltr'><strong>ut</strong></span> <span class='ocrx_word' id='word_1_191' title='bbox 410 2432 528 2490; x_wconf 88' lang='lat' dir='ltr'><strong>flamma</strong></span> <span class='ocrx_word' id='word_1_192' title='bbox 550 2432 613 2490; x_wconf 86' lang='lat' dir='ltr'><strong>eius</strong></span> <span class='ocrx_word' id='word_1_193' title='bbox 635 2432 744 2492; x_wconf 86' lang='lat' dir='ltr'><strong>luoeat.</strong></span> 
     </span>
    </p>

    <p class='ocr_par' dir='ltr' id='par_1_6' title="bbox 114 2519 1177 2955">
     <span class='ocr_line' id='line_1_26' title="bbox 114 2519 1174 2597; baseline -0.003 -16"><span class='ocrx_word' id='word_1_194' title='bbox 114 2537 143 2581; x_wconf 75' lang='lat'><strong>25</strong></span> <span class='ocrx_word' id='word_1_195' title='bbox 221 2523 270 2581; x_wconf 89' lang='lat' dir='ltr'><strong>De</strong></span> <span class='ocrx_word' id='word_1_196' title='bbox 292 2523 407 2581; x_wconf 79' lang='lat' dir='ltr'><strong>viribus</strong></span> <span class='ocrx_word' id='word_1_197' title='bbox 429 2522 518 2580; x_wconf 81' lang='lat' dir='ltr'><strong>aeris.</strong></span> <span class='ocrx_word' id='word_1_198' title='bbox 568 2520 625 2579; x_wconf 81' lang='lat' dir='ltr'><strong>Sed</strong></span> <span class='ocrx_word' id='word_1_199' title='bbox 645 2541 694 2580; x_wconf 91' lang='lat' dir='ltr'><strong>aer</strong></span> <span class='ocrx_word' id='word_1_200' title='bbox 718 2525 849 2597; x_wconf 89' lang='lat' dir='ltr'><strong>quatuor</strong></span> <span class='ocrx_word' id='word_1_201' title='bbox 870 2521 947 2581; x_wconf 83' lang='lat' dir='ltr'><strong>vires</strong></span> <span class='ocrx_word' id='word_1_202' title='bbox 970 2519 1069 2595; x_wconf 86' lang='lat' dir='ltr'><strong>hebet,</strong></span> <span class='ocrx_word' id='word_1_203' title='bbox 1093 2519 1174 2578; x_wconf 87' lang='lat' dir='ltr'><strong>vide·</strong></span> 
     </span>
     <span class='ocr_line' id='line_1_27' title="bbox 154 2607 1176 2681; baseline -0.003 -11"><span class='ocrx_word' id='word_1_204' title='bbox 154 2612 223 2670; x_wconf 88' lang='lat' dir='ltr'><strong>lieet</strong></span> <span class='ocrx_word' id='word_1_205' title='bbox 244 2630 342 2670; x_wconf 90' lang='lat' dir='ltr'><strong>rorem</strong></span> <span class='ocrx_word' id='word_1_206' title='bbox 358 2610 529 2681; x_wconf 89' lang='lat' dir='ltr'><strong>emittendo,</strong></span> <span class='ocrx_word' id='word_1_207' title='bbox 553 2629 670 2670; x_wconf 89' lang='lat' dir='ltr'><strong>omnem</strong></span> <span class='ocrx_word' id='word_1_208' title='bbox 684 2610 868 2670; x_wconf 80' lang='lat' dir='ltr'><strong>viriditatem</strong></span> <span class='ocrx_word' id='word_1_209' title='bbox 883 2607 1046 2679; x_wconf 81' lang='lat' dir='ltr'><strong>excitando,</strong></span> <span class='ocrx_word' id='word_1_210' title='bbox 1070 2607 1176 2667; x_wconf 89' lang='lat' dir='ltr'><strong>flatum</strong></span> 
     </span>
     <span class='ocr_line' id='line_1_28' title="bbox 154 2697 1177 2777; baseline 0.001 -21"><span class='ocrx_word' id='word_1_211' title='bbox 154 2700 317 2775; x_wconf 88' lang='lat' dir='ltr'><strong>movendo,</strong></span> <span class='ocrx_word' id='word_1_212' title='bbox 341 2720 409 2759; x_wconf 90' lang='lat' dir='ltr'><strong>eum</strong></span> <span class='ocrx_word' id='word_1_213' title='bbox 431 2719 491 2777; x_wconf 85' lang='lat' dir='ltr'><strong>quo</strong></span> <span class='ocrx_word' id='word_1_214' title='bbox 514 2700 601 2760; x_wconf 88' lang='lat' dir='ltr'><strong>flores</strong></span> <span class='ocrx_word' id='word_1_215' title='bbox 623 2700 739 2771; x_wconf 82' lang='lat' dir='ltr'><strong>educit,</strong></span> <span class='ocrx_word' id='word_1_216' title='bbox 763 2700 892 2759; x_wconf 89' lang='lat' dir='ltr'><strong>ealorem</strong></span> <span class='ocrx_word' id='word_1_217' title='bbox 915 2697 1075 2769; x_wconf 86' lang='lat' dir='ltr'><strong>dilatando,</strong></span> <span class='ocrx_word' id='word_1_218' title='bbox 1106 2716 1177 2757; x_wconf 90' lang='lat' dir='ltr'><strong>eum</strong></span> 
     </span>
     <span class='ocr_line' id='line_1_29' title="bbox 156 2789 1177 2864; baseline 0 -19"><span class='ocrx_word' id='word_1_219' title='bbox 156 2807 216 2863; x_wconf 89' lang='lat' dir='ltr'><strong>qno</strong></span> <span class='ocrx_word' id='word_1_220' title='bbox 239 2790 337 2848; x_wconf 88' lang='lat' dir='ltr'><strong>omnia</strong></span> <span class='ocrx_word' id='word_1_221' title='bbox 360 2791 555 2849; x_wconf 83' lang='lat' dir='ltr'><strong>maturescere</strong></span> <span class='ocrx_word' id='word_1_222' title='bbox 582 2790 668 2862; x_wconf 73' lang='lat' dir='ltr'><strong>feeit,</strong></span> <span class='ocrx_word' id='word_1_223' title='bbox 702 2790 786 2849; x_wconf 88' lang='lat' dir='ltr'><strong>velut</strong></span> <span class='ocrx_word' id='word_1_224' title='bbox 813 2791 844 2848; x_wconf 88' lang='lat' dir='ltr'><strong>et</strong></span> <span class='ocrx_word' id='word_1_225' title='bbox 870 2789 933 2864; x_wconf 89' lang='lat' dir='ltr'><strong>ipse</strong></span> <span class='ocrx_word' id='word_1_226' title='bbox 960 2806 1014 2863; x_wconf 92' lang='lat' dir='ltr'><strong>per</strong></span> <span class='ocrx_word' id='word_1_227' title='bbox 1044 2790 1177 2862; x_wconf 85' lang='lat' dir='ltr'><strong>quatuor</strong></span> 
     </span>
     <span class='ocr_line' id='line_1_30' title="bbox 154 2873 1176 2955; baseline -0.001 -21"><span class='ocrx_word' id='word_1_228' title='bbox 154 2880 253 2952; x_wconf 89' lang='lat' dir='ltr'><strong>partes</strong></span> <span class='ocrx_word' id='word_1_229' title='bbox 284 2878 387 2936; x_wconf 90' lang='lat' dir='ltr'><strong>mundi</strong></span> <span class='ocrx_word' id='word_1_230' title='bbox 419 2873 682 2955; x_wconf 83' lang='lat' dir='ltr'><strong>dilatatnr.1)Aer</strong></span> <span class='ocrx_word' id='word_1_231' title='bbox 709 2880 787 2937; x_wconf 91' lang='lat' dir='ltr'><strong>enim</strong></span> <span class='ocrx_word' id='word_1_232' title='bbox 815 2879 963 2955; x_wconf 87' lang='lat' dir='ltr'><strong>spiramen</strong></span> <span class='ocrx_word' id='word_1_233' title='bbox 997 2879 1057 2946; x_wconf 88' lang='lat' dir='ltr'><strong>est,</strong></span> <span class='ocrx_word' id='word_1_234' title='bbox 1092 2875 1176 2953; x_wconf 91' lang='lat' dir='ltr'><strong>quod</strong></span> 
     </span>
    </p>

    <p class='ocr_par' dir='ltr' id='par_1_7' title="bbox 115 2966 1177 3385">
     <span class='ocr_line' id='line_1_31' title="bbox 115 2966 1177 3044; baseline -0.003 -18"><span class='ocrx_word' id='word_1_235' title='bbox 115 2966 186 3026; x_wconf 74' lang='lat' dir='ltr'><strong>eoin</strong></span> <span class='ocrx_word' id='word_1_236' title='bbox 218 2984 284 3025; x_wconf 92' lang='lat' dir='ltr'><strong>rore</strong></span> <span class='ocrx_word' id='word_1_237' title='bbox 318 2969 473 3025; x_wconf 88' lang='lat' dir='ltr'><strong>humorem</strong></span> <span class='ocrx_word' id='word_1_238' title='bbox 505 2968 741 3044; x_wconf 85' lang='lat' dir='ltr'><strong>germinantibus</strong></span> <span class='ocrx_word' id='word_1_239' title='bbox 768 2967 910 3035; x_wconf 81' lang='lat' dir='ltr'><strong>infundit,</strong></span> <span class='ocrx_word' id='word_1_240' title='bbox 942 2967 987 3024; x_wconf 88' lang='lat' dir='ltr'><strong>ita</strong></span> <span class='ocrx_word' id='word_1_241' title='bbox 1017 2970 1054 3024; x_wconf 90' lang='lat' dir='ltr'><strong>ut</strong></span> <span class='ocrx_word' id='word_1_242' title='bbox 1077 2966 1177 3024; x_wconf 92' lang='lat' dir='ltr'><strong>omnia</strong></span> 
     </span>
     <span class='ocr_line' id='line_1_32' title="bbox 156 3055 1177 3133; baseline -0.001 -20"><span class='ocrx_word' id='word_1_243' title='bbox 156 3055 315 3127; x_wconf 78' lang='lat' dir='ltr'><strong>viresomt3</strong></span> <span class='ocrx_word' id='word_1_244' title='bbox 339 3057 370 3114; x_wconf 90' lang='lat' dir='ltr'><strong>et</strong></span> <span class='ocrx_word' id='word_1_245' title='bbox 392 3058 472 3131; x_wconf 92' lang='lat' dir='ltr'><strong>quod</strong></span> <span class='ocrx_word' id='word_1_246' title='bbox 488 3056 661 3133; x_wconf 89' lang='lat' dir='ltr'><strong>perflatum</strong></span> <span class='ocrx_word' id='word_1_247' title='bbox 684 3056 770 3116; x_wconf 87' lang='lat' dir='ltr'><strong>flores</strong></span> <span class='ocrx_word' id='word_1_248' title='bbox 793 3056 893 3116; x_wconf 89' lang='lat' dir='ltr'><strong>edueit</strong></span> <span class='ocrx_word' id='word_1_249' title='bbox 915 3058 945 3114; x_wconf 86' lang='lat' dir='ltr'><strong>et</strong></span> <span class='ocrx_word' id='word_1_250' title='bbox 967 3073 1021 3131; x_wconf 86' lang='lat' dir='ltr'><strong>per</strong></span> <span class='ocrx_word' id='word_1_251' title='bbox 1044 3055 1177 3114; x_wconf 89' lang='lat' dir='ltr'><strong>oalorem</strong></span> 
     </span>
     <span class='ocr_line' id='line_1_33' title="bbox 157 3144 1175 3220; baseline -0.001 -17"><span class='ocrx_word' id='word_1_252' title='bbox 157 3144 255 3203; x_wconf 88' lang='lat' dir='ltr'><strong>omnia</strong></span> <span class='ocrx_word' id='word_1_253' title='bbox 277 3145 315 3204; x_wconf 91' lang='lat' dir='ltr'><strong>ad</strong></span> <span class='ocrx_word' id='word_1_254' title='bbox 342 3146 547 3205; x_wconf 89' lang='lat' dir='ltr'><strong>maturitatem</strong></span> <span class='ocrx_word' id='word_1_255' title='bbox 570 3147 733 3209; x_wconf 78' lang='lat' dir='ltr'><strong>confirmat.</strong></span> <span class='ocrx_word' id='word_1_256' title='bbox 778 3145 840 3204; x_wconf 87' lang='lat' dir='ltr'><strong>Aer</strong></span> <span class='ocrx_word' id='word_1_257' title='bbox 863 3149 971 3215; x_wconf 88' lang='lat' dir='ltr'><strong>autern,</strong></span> <span class='ocrx_word' id='word_1_258' title='bbox 1000 3144 1053 3218; x_wconf 88' lang='lat' dir='ltr'><strong>qui</strong></span> <span class='ocrx_word' id='word_1_259' title='bbox 1075 3144 1175 3220; x_wconf 82' lang='lat' dir='ltr'><strong>proxi·</strong></span> 
     </span>
     <span class='ocr_line' id='line_1_34' title="bbox 155 3232 1175 3311; baseline -0.001 -18"><span class='ocrx_word' id='word_1_260' title='bbox 155 3253 223 3293; x_wconf 89' lang='lat' dir='ltr'><strong>mus</strong></span> <span class='ocrx_word' id='word_1_261' title='bbox 246 3234 432 3310; x_wconf 88' lang='lat' dir='ltr'><strong>dispositioni</strong></span> <span class='ocrx_word' id='word_1_262' title='bbox 459 3237 547 3294; x_wconf 83' lang='lat' dir='ltr'><strong>lunae</strong></span> <span class='ocrx_word' id='word_1_263' title='bbox 570 3239 600 3295; x_wconf 88' lang='lat' dir='ltr'><strong>et</strong></span> <span class='ocrx_word' id='word_1_264' title='bbox 622 3237 776 3295; x_wconf 89' lang='lat' dir='ltr'><strong>stellarum</strong></span> <span class='ocrx_word' id='word_1_265' title='bbox 800 3238 857 3311; x_wconf 89' lang='lat' dir='ltr'><strong>est,</strong></span> <span class='ocrx_word' id='word_1_266' title='bbox 886 3235 983 3294; x_wconf 91' lang='lat' dir='ltr'><strong>sidera</strong></span> <span class='ocrx_word' id='word_1_267' title='bbox 1012 3232 1175 3307; x_wconf 77' lang='lat' dir='ltr'><strong>humectat,</strong></span> 
     </span>
     <span class='ocr_line' id='line_1_35' title="bbox 156 3323 1177 3385; baseline -0.003 -2"><span class='ocrx_word' id='word_1_268' title='bbox 156 3324 255 3383; x_wconf 80' lang='lat' dir='ltr'><strong>velut·</strong></span> <span class='ocrx_word' id='word_1_269' title='bbox 271 3325 407 3383; x_wconf 88' lang='lat' dir='ltr'><strong>terrenus</strong></span> <span class='ocrx_word' id='word_1_270' title='bbox 439 3345 488 3384; x_wconf 89' lang='lat' dir='ltr'><strong>aer</strong></span> <span class='ocrx_word' id='word_1_271' title='bbox 521 3329 632 3385; x_wconf 85' lang='lat' dir='ltr'><strong>terram</strong></span> <span class='ocrx_word' id='word_1_272' title='bbox 664 3329 694 3385; x_wconf 85' lang='lat' dir='ltr'><strong>et</strong></span> <span class='ocrx_word' id='word_1_273' title='bbox 729 3325 867 3383; x_wconf 90' lang='lat' dir='ltr'><strong>animalia</strong></span> <span class='ocrx_word' id='word_1_274' title='bbox 895 3323 1113 3382; x_wconf 83' lang='lat' dir='ltr'><strong>irrationabilia</strong></span> <span class='ocrx_word' id='word_1_275' title='bbox 1146 3325 1177 3381; x_wconf 89' lang='lat' dir='ltr'><strong>et</strong></span> 
     </span>
    </p>

    <p class='ocr_par' dir='ltr' id='par_1_8' title="bbox 116 3412 1177 3490">
     <span class='ocr_line' id='line_1_36' title="bbox 116 3412 1177 3490; baseline -0.003 -17"><span class='ocrx_word' id='word_1_276' title='bbox 116 3413 306 3473; x_wconf 73' lang='lat' dir='ltr'><strong>etsensibilia</strong></span> <span class='ocrx_word' id='word_1_277' title='bbox 332 3414 494 3473; x_wconf 87' lang='lat' dir='ltr'><strong>seeundum</strong></span> <span class='ocrx_word' id='word_1_278' title='bbox 522 3421 659 3475; x_wconf 85' lang='lat' dir='ltr'><strong>naturam</strong></span> <span class='ocrx_word' id='word_1_279' title='bbox 687 3416 820 3490; x_wconf 87' lang='lat' dir='ltr'><strong>ipsorum</strong></span> <span class='ocrx_word' id='word_1_280' title='bbox 851 3412 982 3473; x_wconf 78' lang='lat' dir='ltr'><strong>vivificat</strong></span> <span class='ocrx_word' id='word_1_281' title='bbox 1012 3415 1042 3470; x_wconf 90' lang='lat' dir='ltr'><strong>et</strong></span> <span class='ocrx_word' id='word_1_282' title='bbox 1076 3414 1177 3471; x_wconf 87' lang='lat' dir='ltr'><strong>movet</strong></span> 
     </span>
    </p>
   </div>
   <div class='ocr_carea' id='block_1_3' title="bbox 211 3603 945 3682">
    <p class='ocr_par' dir='ltr' id='par_1_9' title="bbox 211 3603 945 3682">
     <span class='ocr_line' id='line_1_37' title="bbox 211 3603 945 3682; baseline -0.016 -12"><span class='ocrx_word' id='word_1_283' title='bbox 211 3603 238 3670; x_wconf 84' lang='lat'><strong>¹)</strong></span> <span class='ocrx_word' id='word_1_284' title='bbox 254 3605 428 3674; x_wconf 58' lang='lat' dir='ltr'><strong>mae-m</strong></span> <span class='ocrx_word' id='word_1_285' title='bbox 450 3634 485 3654; x_wconf 96' lang='lat'>=</span> <span class='ocrx_word' id='word_1_286' title='bbox 506 3607 606 3682; x_wconf 81' lang='lat' dir='ltr'><strong>Migne</strong></span> <span class='ocrx_word' id='word_1_287' title='bbox 625 3607 696 3664; x_wconf 75' lang='lat'>1209</span> <span class='ocrx_word' id='word_1_288' title='bbox 712 3605 740 3661; x_wconf 79' lang='lat' dir='ltr'><strong>b</strong></span> <span class='ocrx_word' id='word_1_289' title='bbox 759 3637 794 3646; x_wconf 92' lang='lat'>—</span> <span class='ocrx_word' id='word_1_290' title='bbox 815 3604 890 3660; x_wconf 70' lang='lat' dir='ltr'><strong>itii</strong></span> <span class='ocrx_word' id='word_1_291' title='bbox 912 3604 945 3658; x_wconf 75' lang='lat' dir='ltr'><strong>b.</strong></span> 
     </span>
    </p>
   </div>
   <div class='ocr_carea' id='block_1_4' title="bbox 0 0 1236 3862">
    <p class='ocr_par' dir='ltr' id='par_1_10' title="bbox 0 0 1236 3862">
     <span class='ocr_line' id='line_1_38' title="bbox 0 0 1236 3862; baseline 0 0"><span class='ocrx_word' id='word_1_292' title='bbox 0 0 1236 3862; x_wconf 95' lang='lat' dir='ltr'><strong> </strong></span> 
     </span>
    </p>
   </div>
  </div>
 </body>
</html>
