2460 3862
126 166 167 225 86
510 158 756 215 HILDEGARDIS

124 343 192 403 inde
215 342 314 419 perdit
336 342 413 402 etin
436 361 521 402 sensu
545 342 732 418 aliquantum
753 345 927 416 evacuatur,
952 346 1045 420 atque
1068 361 1144 411 caro,

125 451 200 509 quae
215 432 293 491 circa
313 432 415 491 oculos
435 432 499 491 eius
518 435 570 507 est,
589 432 659 491 inde
678 432 761 492 dolet
779 434 810 491 et
831 433 921 492 rubet
935 450 969 491 ac
984 432 1143 493 evolvitur.

124 521 183 581 Sed
216 523 315 580 tamen
345 521 438 580 aciem
470 525 501 581 et
532 521 680 597 pupillam
713 525 744 580 et
774 521 871 581 visum
900 521 1058 593 oculorum
1086 541 1143 582 non

124 610 253 670 multum
284 609 387 682 laedit;
425 610 479 687 qui
512 614 613 670 autem
644 610 794 670 moderate
827 609 947 687 vigilat,
986 611 1143 670 sanitatem

97 699 257 775 scorporis
279 698 427 759 retinebit.
472 696 565 775 Saepe
587 703 687 759 autem
709 699 822 775 evenit,
853 698 934 776 quod
955 699 1048 759 homo
1070 700 1143 777 vigss

127 792 172 848 est
194 794 224 847 at
247 788 377 847 dormire
393 807 451 848 uon
466 791 574 865 potest,
598 807 666 848 cum
681 790 798 848 animus
813 788 876 847 eius
893 788 1016 848 diversis
1032 789 1142 866 cogita

125 878 256 937 tionibus
288 881 318 937 ct
351 877 546 954 qualitatibus
578 881 667 953 atque
699 877 959 937 contrarietatibus
982 881 1143 954 occupatus

124 970 170 1026 est
199 970 253 1026 aut
286 985 395 1043 magna
424 967 539 1026 laetitia
569 967 715 1030 detentus.
758 965 836 1033 Nam
864 984 932 1025 cum
958 965 989 1025 in
1020 967 1144 1026 tristitia

125 1075 178 1115 seu
208 1056 240 1115 in
267 1054 375 1116 timore
402 1073 454 1114 seu
482 1056 514 1114 in
546 1055 692 1133 angustiis
721 1074 773 1116 seu
806 1056 838 1114 in
867 1056 913 1114 ira
939 1073 993 1114 seu
1019 1056 1052 1115 in
1080 1055 1143 1116 aliis

86 1158 114 1204 ιο
127 1145 173 1205 his
208 1144 428 1205 diversitatibus
462 1148 493 1203 et
526 1144 754 1222 cogitationibus
785 1147 838 1221 est,
871 1148 944 1204 tunc
971 1146 1143 1205 multotiens

126 1235 256 1311 sanguis,
279 1234 332 1309 qui
354 1234 386 1291 in
409 1252 443 1292 eo
459 1236 512 1310 est,
534 1235 566 1292 in
581 1234 819 1311 inquietudinem
833 1234 977 1307 vertitur3
998 1238 1031 1294 et
1045 1253 1143 1309 venae,

127 1342 205 1404 quae
229 1342 349 1382 suavem
372 1324 495 1381 ventum
518 1324 631 1399 soporis
654 1323 803 1400 suscipere
824 1322 980 1395 debebant,
1011 1323 1143 1400 aliquan·

126 1417 193 1473 tum
215 1411 443 1484 contrahuntur,
474 1413 516 1471 ita
547 1412 629 1488 quod
661 1432 729 1471 eum
759 1411 890 1487 excipere
921 1431 980 1472 non
1009 1414 1144 1488 possunt

125 1503 255 1562 Etcum
283 1502 372 1560 etiam
394 1500 544 1560 interdum
574 1501 690 1577 aliquid
720 1501 832 1562 viderit
861 1502 910 1561 vel
940 1500 1071 1562 audierit
1098 1503 1144 1563 vel

84 1605 111 1650 15
127 1591 209 1650 aliud
241 1591 268 1650 ei
291 1590 450 1666 quicquam
481 1588 632 1665 acciderit,
664 1590 743 1649 unde
774 1591 856 1649 ultra
885 1590 1010 1650 modum
1040 1591 1144 1650 laetari

126 1681 245 1757 poterit,
268 1684 341 1739 tunc
363 1698 453 1738 venae
469 1679 531 1738 eius
554 1679 591 1737 ad
607 1679 752 1738 laetitiam
768 1679 940 1738 referuntur
954 1698 1008 1740 uec
1023 1699 1143 1742 suavem

125 1770 249 1829 ventum
271 1768 384 1844 soporis
407 1768 534 1827 retinere
555 1769 663 1841 valent,
687 1769 731 1826 ita
746 1768 827 1844 quod
842 1768 894 1827 ille
909 1771 1019 1828 rectam
1035 1771 1145 1846 tempe·

125 1858 198 1916 riem
222 1858 254 1915 in
276 1876 307 1916 se
330 1856 511 1928 nonhabet,
535 1857 656 1916 atinde
678 1858 807 1934 pervigil
822 1860 932 1929 manet,
955 1875 1053 1934 usque
1076 1859 1148 1918 dum

126 1966 159 2005 re
180 1947 234 2005 illa
255 1946 286 2004 in
309 1950 406 2005 mente
429 1965 484 2005 sua
506 1950 662 2006 contentus
689 1947 851 2022 resipiscat,
881 1965 915 2005 ac
942 1946 968 2005 si
994 1967 1088 2007 venae
1111 1947 1148 2007 ad

86 2047 115 2092 so
128 2039 243 2095 rectum
270 2035 393 2094 modum
419 2035 556 2107 redeunt,
589 2041 620 2094 et
648 2035 736 2095 homo
764 2035 815 2093 ille
842 2035 993 2100 dormitat.
1039 2034 1148 2096 Sedet

128 2143 195 2184 cum
218 2125 305 2184 homo
337 2125 422 2202 gravi
455 2124 628 2184 infirmitate
659 2125 818 2201 aliquando
849 2124 1046 2201 opprimitur,
1075 2129 1148 2186 tunc

126 2214 215 2273 etiam
238 2215 359 2290 sanguis
382 2215 412 2272 et
433 2213 587 2285 humores
616 2215 668 2290 qui
690 2215 808 2290 inipso
832 2216 913 2290 sunt,
941 2214 973 2272 in
997 2215 1147 2290 quandam

126 2303 364 2363 contrarietatem
398 2305 559 2362 vertuntur
591 2306 621 2361 et
652 2303 736 2362 velut
769 2303 911 2378 quasdam
942 2304 1090 2378 procellas
1119 2307 1148 2364 et

126 2394 317 2467 tempestates
340 2393 371 2450 in
394 2410 427 2451 eo
451 2391 573 2465 faciunt,
603 2395 633 2451 et
655 2392 699 2450 ita
720 2394 842 2468 propter
865 2392 1052 2452 diversitates
1075 2393 1148 2453 istas

84 2494 112 2539 25
125 2482 272 2558 quiescere
294 2500 354 2540 non
377 2481 465 2556 valet,
490 2481 541 2539 sed
563 2481 704 2539 insomnis
727 2485 758 2539 et
780 2480 910 2558 pervigil
932 2483 1036 2540 contra
1056 2482 1146 2559 sospi-

126 2574 217 2630 tatem
241 2572 271 2629 et
286 2571 473 2629 voluntatem
489 2588 573 2628 suem
589 2588 705 2644 semper
719 2573 882 2644 permanet.
912 2569 1011 2630 Homo
1026 2590 1146 2648 quoque

124 2679 193 2719 cum
217 2660 341 2735 dormit,
371 2660 402 2717 in
425 2658 483 2717 alio
506 2659 573 2717 visu
596 2661 642 2718 est
664 2678 755 2735 quam
782 2678 849 2718 cum
876 2659 992 2736 vigilat,
1026 2663 1058 2719 et
1078 2660 1146 2721 ideo

125 2769 193 2807 cum
216 2751 284 2824 post
307 2748 514 2806 dormitionem
539 2747 669 2824 evigilat,
703 2750 773 2824 quia
793 2752 866 2807 tunc
896 2748 928 2807 in
949 2766 1059 2824 sopore
1078 2749 1146 2822 fuit,

125 2838 192 2895 visu
224 2855 277 2895 suo
306 2837 471 2914 claritatem
504 2837 563 2896 cito
597 2855 700 2912 capere
727 2856 786 2896 non
818 2840 929 2912 potest,
961 2841 993 2897 et
1024 2857 1095 2898 cum
1115 2839 1146 2898 in

83 2925 253 2984 30teuebris
276 2929 334 3000 est,
357 2925 482 2984 eundem
505 2926 616 2997 visum,
644 2945 732 3001 quem
754 2927 786 2985 in
807 2925 936 2985 tenebris
958 2925 1081 3004 habuit,
1109 2927 1146 2986 ad

125 3014 289 3074 claritatem
313 3015 372 3073 cito
397 3018 567 3074 convertere
590 3034 648 3074 nou
669 3015 757 3076 valet.
796 3014 894 3073 Simili
915 3015 1014 3090 modo,
1040 3017 1094 3092 qui
1115 3017 1146 3076 in

124 3104 257 3164 claritate
290 3109 342 3178 est,
375 3104 473 3162 visum
500 3123 589 3163 suum
619 3102 657 3162 ad
688 3104 782 3162 alium
804 3103 926 3163 modum
952 3105 985 3162 in
1016 3105 1146 3165 tenebris

124 3196 245 3271 repente
287 3197 459 3267 retorquere
508 3197 609 3266 (non)
657 3196 769 3268 potest,
812 3193 869 3252 uisi
907 3196 976 3268 post
1012 3194 1145 3271 aliquam

124 3302 253 3355 moram,
285 3283 369 3342 velut
392 3300 460 3340 cum
488 3281 575 3339 homo
599 3282 689 3340 verba
711 3282 841 3341 exterius
869 3285 968 3355 sonat,
1001 3284 1145 3361 cogitatio

85 3384 112 3429 35
125 3374 250 3433 interius
273 3372 356 3433 latet.

190 3463 236 3522 Dc
258 3460 407 3524 exercitio,
452 3459 601 3519 Masculus
624 3463 736 3536 autem,
771 3459 823 3537 qui
851 3460 882 3518 in
911 3479 1036 3537 corpore
1058 3480 1145 3523 sanus

5 3620 8 3623 ¹
119 3554 169 3627 est,
201 3552 229 3610 si
261 3551 314 3610 din
345 3549 480 3611 ambulat
513 3553 566 3610 aut
597 3550 624 3609 si
654 3549 708 3608 diu
735 3554 849 3609 erectus
882 3551 956 3626 stat,
988 3550 1059 3613 inde
1085 3570 1144 3613 non
