2460 3862
130 155 192 214 178
514 144 762 203 HILDEGARDIS

128 332 183 392 bus
206 336 332 408 superet,
356 335 386 390 et
406 331 510 390 deinde
533 351 586 407 per
608 351 740 408 pannum
763 331 842 392 eolat
864 335 895 392 et
910 333 952 392 sic
968 333 999 390 in
1012 333 1110 392 vitreur

128 440 179 481 vas
202 425 255 480 aut
277 423 308 480 in
330 441 436 480 novam
471 421 560 480 ollam
591 421 739 482 refundat.
783 421 892 481 Postea
925 423 1029 482 vinum
1060 423 1110 482 istu

128 511 170 570 sic
193 529 260 570 eum
280 511 439 586 praedictis
453 510 551 568 herbis
566 514 765 585 temperatum
788 511 818 569 iu
834 513 1015 589 sartaginem
1037 511 1110 570 funda

128 605 159 660 et
185 601 212 659 ei
234 601 363 678 ignitum
387 599 510 659 calibem
534 603 586 658 aut
608 600 654 659 bis
677 601 730 658 aut
752 602 799 658 ter
820 600 965 660 immittat
988 601 1078 660 etsie
1102 599 1110 657 i

101 690 206 747 sidem
241 691 356 759 vinum,
383 690 503 748 interim
542 689 613 746 dum
648 708 702 764 per
735 689 861 748 calibem
888 690 1003 750 fervere
1030 688 1110 765 incipi¹

128 778 271 856 galangae
294 780 400 837 tritum
421 784 451 837 61
466 778 613 836 modicum
638 779 749 854 piperis
772 778 914 855 imponat,
936 781 987 840 vel
1001 780 1027 839 si
1041 780 1110 856 galai

127 887 182 945 gae
215 887 275 927 non
298 867 446 942 habuerit,
482 869 663 927 bertramum
689 868 796 926 tritum
823 868 971 928 immittat
998 872 1028 927 et
1047 868 1110 946 ignit

128 956 221 1016 calibe
245 957 420 1016 calefactum
443 957 560 1015 ieiunus
583 956 674 1017 bibat.
720 955 777 1015 Sed
805 961 835 1016 et
862 956 940 1016 idem
964 958 1110 1033 viuumpe

128 1047 260 1122 quinque
286 1047 346 1104 dies
373 1045 487 1104 modice
518 1046 635 1105 ieiunus
669 1046 754 1105 bibat
787 1047 883 1123 ignito
918 1051 1017 1106 tamen
1050 1045 1110 1106 calib

87 1145 114 1189 10
128 1137 210 1211 prius
243 1136 425 1197 calefactum.
471 1135 557 1205 Quod
590 1153 657 1194 cum
687 1154 741 1210 per
771 1136 903 1211 quinque
935 1137 998 1196 dies
1031 1135 1110 1195 fecerit

127 1226 276 1283 triticeum
301 1243 406 1299 panem
430 1229 483 1283 aut
505 1225 631 1282 farinam
655 1225 768 1283 similae
791 1225 916 1300 accipiat
931 1229 961 1284 ct
978 1245 1044 1285 cum
1057 1241 1110 1301 prae

127 1315 189 1372 fato
227 1314 297 1372 vino
336 1314 432 1390 ignito
471 1313 564 1373 calibe
603 1313 743 1372 calefacto
790 1313 1013 1374 sobriunculam
1052 1313 1110 1373 16616

127 1403 230 1462 vitello
254 1403 303 1462 ovi
324 1406 448 1478 propter
472 1403 582 1462 bonum
605 1421 740 1477 saporem
757 1402 858 1461 addito
874 1404 986 1480 absque
1002 1403 1110 1482 aegimio

127 1496 157 1550 et
180 1492 289 1567 absque
315 1493 379 1550 oleo
403 1495 433 1550 et
456 1492 564 1550 iterum
587 1511 640 1567 per
667 1493 800 1568 quinque
832 1493 894 1551 dies
925 1492 998 1553 haec
1027 1493 1110 1553 ieiuna

87 1589 114 1634 15
127 1581 267 1642 comedat.
315 1580 430 1650 Quibus
452 1581 606 1640 transactis
629 1581 740 1640 iterum
762 1580 948 1657 praedictum
971 1585 1070 1643 unum
1088 1581 1110 1656 ig

126 1670 189 1728 nito
213 1671 305 1729 calibe
333 1670 507 1729 calefactum
539 1669 630 1745 bibat,
663 1688 757 1746 usque
788 1670 861 1729 dum
891 1671 997 1731 melius
1028 1671 1110 1730 habeat

126 1758 201 1816 Nam
225 1759 366 1819 dactilosa
386 1759 483 1818 calore
506 1778 560 1818 suo
583 1758 768 1819 stomachum
784 1759 941 1832 confortat,
966 1763 1110 1821 abrotanur

128 1852 226 1905 autem
264 1849 358 1907 calore
396 1866 450 1906 suo
487 1848 554 1921 piola
577 1848 614 1906 ab
637 1867 671 1906 6ο
703 1849 869 1924 compescit,
901 1849 1110 1927 quinquefoliuu

126 1954 195 1994 vero
226 1937 322 1995 calore
354 1955 407 1995 suo
432 1956 500 1995 eum
527 1937 657 2012 roborat,
689 1942 719 1996 61
742 1938 821 1997 66166
843 1939 907 1997 vini
930 1940 1054 1999 livorem
1073 1937 1110 1996 ein

86 2033 112 2078 20
127 2025 231 2098 aufert,
254 2030 284 2084 et
306 2026 452 2084 fortitudo
476 2026 578 2085 calibis
600 2026 672 2085 haec
695 2027 792 2086 omnia
807 2027 969 2086 fortissime
985 2027 1110 2088 confortat

126 2115 238 2173 Deinde
261 2115 340 2173 calor
362 2115 503 2191 galangae
526 2118 556 2173 61
578 2117 658 2173 66166
680 2116 790 2190 piperis
813 2134 865 2175 seu
893 2118 974 2177 calor
1002 2119 1110 2177 11661666

127 2205 224 2263 omnia
245 2204 303 2262 ista
326 2204 472 2263 confortat
495 2208 596 2262 contra
619 2205 751 2263 dolorem
779 2205 933 2269 stomachi.
979 2205 1034 2265 Sed
1061 2201 1110 2264 triti

126 2313 194 2353 oeus
216 2294 300 2369 panis
323 2311 375 2352 seu
398 2293 495 2351 farina
517 2294 553 2352 de
575 2293 691 2351 triticeo
716 2313 783 2352 oum
805 2295 958 2369 praedicto
983 2297 1050 2356 rino
1074 2295 1110 2352 sc

126 2383 263 2442 maehum
285 2383 454 2458 impinguat
477 2385 506 2440 et
529 2382 739 2457 61616666666,
762 2386 799 2441 ut
813 2383 982 2457 praefatum
999 2391 1049 2457 est,
1069 2399 1110 2442 cur

85 2485 113 2530 66
126 2473 305 2532 fortitudine
328 2473 416 2549 igniti
440 2472 541 2531 calibis
564 2471 709 2546 restituit,
733 2474 763 2530 61
784 2472 840 2530 hoc
863 2473 976 2550 absque
1000 2471 1110 2550 sagium

126 2566 156 2620 et
178 2563 289 2638 absque
312 2563 377 2621 oleo
404 2561 464 2636 fiet,
496 2561 577 2636 qnod
609 2560 741 2637 sagimen
772 2560 959 2620 stomachum
993 2561 1110 2622 lubricur

125 2654 213 2725 parat
236 2654 266 2709 et
290 2652 389 2710 oleum
404 2651 489 2708 illum
505 2650 663 2710 exulcerat.
696 2644 722 2732 1)
732 2649 789 2709 Sed
812 2653 842 2708 et
866 2651 994 2710 crudum
1016 2664 1110 2729 ysopm

125 2740 194 2798 vino
217 2741 391 2815 impositum
413 2739 584 2815 frequenter
612 2740 746 2798 comedat
767 2741 798 2797 61
821 2739 900 2798 idem
923 2741 1027 2798 vinum
1048 2737 1110 2799 bibat

127 2828 206 2902 quod
236 2847 363 2903 ysopum
396 2829 423 2886 ei
454 2829 559 2887 utilius
588 2830 631 2887 est
654 2829 690 2886 ad
712 2828 918 2888 infirmitatem
939 2829 1028 2889 istam
1050 2843 1110 2904 quan

85 2916 178 2987 soilli,
203 2918 256 2991 qui
279 2918 310 2975 in
332 2918 472 2991 pulmone
496 2917 584 2979 dolet.

193 3005 240 3063 De
261 3006 464 3079 indigestione.
512 2999 538 3084 2)
547 3005 579 3064 Si
608 3006 696 3064 homo
728 3010 892 3066 comestum
923 3008 1024 3067 cibum
1048 3007 1110 3065 inter

127 3092 198 3151 dnm
226 3093 358 3169 digerere
390 3114 449 3153 non
480 3098 587 3170 potest,
619 3113 739 3154 succum
762 3096 952 3172 aristologiae
975 3098 1110 3174 longera

125 3183 242 3258 pondus
264 3181 393 3241 duorum
415 3204 605 3243 nummorum
629 3184 754 3259 accipiat
777 3187 807 3243 et
832 3203 955 3244 succum
986 3183 1110 3246 bibinellr

127 3272 163 3330 ad
185 3271 302 3347 pondus
325 3274 439 3330 nummi
462 3274 550 3332 unius
574 3278 604 3333 61
626 3292 747 3332 succum
772 3274 928 3334 citocaciae
957 3276 995 3335 ad
1024 3272 1110 3352 pondu

86 3374 112 3418 66
126 3361 205 3420 oboli
227 3361 317 3419 unius
341 3381 373 3420 ac
396 3362 521 3421 zinziber
548 3362 586 3421 ad
608 3363 726 3438 pondus
750 3363 829 3422 oboli
856 3364 947 3423 unius
975 3369 1005 3425 et
1035 3359 1110 3422 deind

126 3468 389 3563 “it—aa
407 3525 441 3543 =
460 3499 556 3570 maa
577 3501 645 3554 1156
665 3499 694 3555 o.
718 3531 753 3540 -
775 3499 799 3570 2)
817 3520 841 3555 v.
862 3501 981 3572 31-p.
1002 3503 1110 3566 uam

117 3568 218 3642 uagae
238 3570 308 3628 1163
332 3569 425 3627 1-6.
