2460 3862
274 224 279 233 .
353 147 496 203 CAUSAE
514 147 560 202 ΕΤ
579 147 700 203 CURAE
719 148 786 204 LIB.
805 149 840 204 Π.
1039 153 1103 214 105

172 330 218 390 De
234 335 337 404 pano.
383 328 459 390 (ium
482 334 583 390 autem
605 332 703 408 proles
736 331 772 392 de
803 332 913 392 femina
944 332 1103 409 proaedere

80 419 180 492 debet,
202 422 275 480 tuno
296 422 399 480 tantus
421 423 521 480 terror
542 424 573 480 et
595 423 699 481 tantus
721 425 835 481 tremor
856 441 946 499 super
968 441 1033 481 eam
1060 422 1104 498 fit,

14 512 17 516 '
81 509 167 586 quod
189 509 285 568 omnis
308 509 417 569 femina
439 510 470 568 in
492 512 607 570 terrore
629 510 686 570 hoo
708 513 825 586 tremet,
853 515 883 570 et
911 511 993 588 quod
1014 530 1104 571 venae

82 598 150 657 eius
174 599 319 675 sanguine
340 597 636 675 superhabundanter
659 599 823 675 effundunt,
847 604 877 659 et
901 600 982 676 quod
1005 618 1104 660 omnes

82 686 273 765 oompngines
301 688 503 748 membrorum
536 689 599 748 eius
626 690 835 764 vulnerantur,
870 692 900 748 et
932 689 1014 765 quod
1037 699 1133 749 cums

82 776 214 836 lacrimis
238 780 268 836 et
290 777 405 836 eiulatu
427 777 595 854 solvuntur,
622 780 659 836 ut
681 778 796 837 dietum
824 781 884 838 est:
915 778 952 836 in
980 778 1105 838 dolore

81 865 219 941 paries;
240 868 270 924 et
284 867 316 924 in
330 866 386 924 tali
401 867 513 926 so'ilioet
529 867 639 938 dolore,
660 870 697 926 ut
716 868 748 925 iu
767 867 824 925 fine
838 871 1009 943 temporum
1024 869 1105 925 terra

81 955 260 1015 mutabitur.
306 953 413 1015 Omnes
446 974 517 1031 ergo
549 956 675 1015 feminae
706 957 880 1033 sauguinem
912 956 1005 1034 magis
1036 974 1105 1015 oum

81 1044 179 1103 livore
200 1045 383 1120 permixtum
404 1045 515 1104 habent
538 1064 627 1121 quam
659 1045 726 1121 viri,
759 1045 841 1121 quod
873 1046 954 1122 ipsae
985 1048 1104 1121 apertae

82 1136 158 1192 sunt
180 1134 217 1191 ut
239 1133 363 1210 lignum,
387 1133 418 1192 in
442 1152 502 1211 quo
525 1134 630 1194 oordae
658 1135 695 1193 ad
725 1134 961 1195 citharizandum
988 1134 1103 1211 positae
1116 1144 1145 1190 10

82 1225 164 1294 sunt,
196 1225 227 1280 et
249 1222 321 1299 quia
343 1223 434 1282 etiam
464 1223 635 1282 fenestrales
667 1227 698 1283 et
729 1227 879 1284 ventosae'
904 1226 1039 1298 (sunt),
1061 1224 1106 1282 ita

82 1311 278 1388 quodetiam
302 1311 446 1371 elementa
467 1312 499 1370 in
526 1312 568 1372 eis
598 1311 818 1372 vehementiora
849 1316 920 1372 suut
952 1332 1042 1389 quam
1073 1313 1105 1371 in

82 1401 165 1472 viris,
197 1404 228 1460 et
259 1401 340 1478 quod
366 1400 504 1461 humores
532 1402 622 1461 etiarn
651 1402 683 1460 in
711 1403 752 1462 eis
774 1403 843 1477 plus
867 1422 957 1478 quam
979 1402 1010 1460 in
1033 1401 1105 1462 viris

84 1489 268 1553 habundant.

151 1579 197 1640 De
216 1579 406 1652 fecunditate.
451 1579 579 1640 Rivulua
611 1583 712 1639 autem
739 1580 885 1640 menstrui
907 1580 1049 1656 temporis
1073 1580 1145 1638 in15

83 1668 211 1727 muliere
234 1671 279 1727 est
307 1669 440 1745 genitiva
466 1668 604 1728 viriditas
631 1672 662 1728 et
688 1669 833 1729 floriditas
864 1669 940 1745 eius,
972 1688 1048 1745 quae
1074 1669 1106 1728 in

83 1757 169 1835 prole
192 1756 318 1834 frondet,
343 1758 422 1835 quia,
445 1761 481 1816 ut
497 1759 585 1818 arbor
600 1758 752 1818 viriditate
768 1777 822 1817 sua
840 1758 925 1818 floret
941 1762 971 1817 et
986 1757 1106 1817 frondet

84 1851 117 1906 et
147 1847 265 1906 fruetus
299 1846 428 1922 profert,
463 1847 505 1906 sio
537 1848 647 1906 femina
682 1846 718 1907 de
752 1847 904 1907 viriditate
938 1848 1105 1908 rivulorum

85 1936 232 1996 menstrui
256 1936 409 2014 sanguinis
430 1936 516 1996 fiores
539 1940 569 1996 et
591 1936 711 1996 frondes
733 1937 765 1995 iu
788 1936 892 1996 fructu
918 1938 1030 1997 ventris
1058 1937 1105 1995 sui

84 2024 196 2087 eduoit.
241 2023 300 2083 Sed
321 2028 358 2085 ut
380 2025 476 2102 arbor,
501 2045 576 2102 quae
598 2027 751 2086 viriditate
774 2029 862 2098 earet,
885 2026 1106 2086 infructiferum
1119 2035 1147 2080 ao

84 2115 203 2191 lignum
227 2113 346 2186 dieitur,
369 2115 413 2172 ita
436 2117 466 2173 et
489 2114 607 2187 femina,
631 2134 707 2191 quae
729 2115 912 2175 viriditatem
933 2115 1105 2175 floriditatis

82 2222 154 2263 suae
191 2203 223 2261 in
260 2203 334 2262 forti
372 2206 469 2262 aetate
506 2223 565 2264 uon
597 2203 695 2281 habet,
733 2204 873 2264 infertilis
906 2206 1105 2280 nuncupatur.

83 2291 341 2364 Quemadmodum
370 2295 471 2352 autem
502 2294 619 2354 iuvenis
645 2294 734 2353 arbor
766 2293 950 2353 viriditatem
985 2293 1105 2370 quidem

85 2381 186 2458 babet,
209 2380 259 2440 sed
282 2380 355 2441 flore
377 2381 535 2441 fruetuum
558 2382 654 2442 adhue
677 2385 765 2454 earet,
789 2386 820 2442 et
842 2401 909 2442 oum
933 2382 970 2440 ad
985 2381 1105 2441 fortitu·

84 2472 185 2530 dinem
208 2489 360 2530 ramorum
383 2472 560 2547 pervenerit,
583 2473 615 2530 in
637 2471 790 2531 viriditate
812 2472 898 2531 flores
928 2474 958 2530 et
988 2471 1104 2530 fruetus
1117 2479 1146 2526 25

84 2561 212 2635 profert,
236 2559 288 2618 sed
310 2559 431 2618 taudem
454 2561 485 2619 in
507 2560 693 2638 plenitudine
715 2560 866 2636 temporie,
889 2579 924 2620 ex
948 2578 1007 2636 quo
1029 2558 1105 2618 radi·

85 2652 152 2709 eata
174 2648 243 2724 fuit,
265 2648 401 2709 viriditas
424 2649 488 2710 eius
511 2649 705 2725 oontrabitur,
736 2649 780 2708 ita
810 2648 890 2725 quod
917 2649 1106 2726 aliquantum

84 2758 120 2798 ex
142 2740 229 2815 parte
252 2738 362 2797 durum
384 2739 503 2815 lignum
524 2740 560 2798 fit
582 2743 612 2798 et
635 2739 725 2798 etiam
756 2757 792 2797 ex
821 2741 906 2814 parte
937 2738 1041 2816 fragile
1075 2741 1106 2797 et

85 2825 258 2904 putridum:
281 2827 323 2887 sio
346 2827 435 2886 etiam
449 2829 481 2887 in
497 2829 607 2887 femina
622 2828 687 2891 erit.
716 2826 791 2885 Nam
806 2827 907 2903 puella
921 2827 1105 2887 viriditatem

84 2915 242 2976 crescendo
266 2916 303 2974 ad
326 2916 481 2976 fortiorem
505 2920 631 2977 aetatem
652 2917 755 2992 babet,
783 2917 834 2976 sed
857 2918 999 2994 sanguine
1026 2917 1105 2976 flori·
1119 2929 1146 2974 30

85 3005 190 3065 ditatis
221 3023 291 3064 suae
315 3008 407 3079 oaret;
440 3007 472 3065 in
504 3007 577 3066 forti
609 3010 709 3066 autem
741 3008 845 3082 aetate,
876 3025 944 3066 oum
974 3006 1106 3066 membra

88 3094 153 3155 eius
176 3094 343 3154 eonfortata
366 3097 445 3171 sunt,
468 3095 605 3155 viriditas
628 3095 781 3172 sanguinis
800 3095 991 3155 floriditatem
1007 3095 1107 3154 educit

84 3184 122 3243 ad
145 3183 269 3260 prolem.
313 3182 372 3243 Sed
394 3185 426 3243 iu
449 3186 537 3261 plena
559 3188 589 3244 et
617 3185 749 3260 perfecta
771 3187 866 3244 aetate
893 3184 1014 3261 sanguis
1042 3183 1105 3241 eius

83 3273 241 3344 minuitur,
273 3273 317 3331 ita
340 3273 422 3350 quod
454 3274 544 3334 etiam
577 3274 715 3334 viriditas
747 3274 920 3333 floriditatis
954 3271 1105 3348 sanguinis

85 3363 181 3440 ipsius
203 3361 350 3423 evanesoit
377 3366 407 3422 et
435 3364 516 3440 quod
545 3382 613 3422 earo
641 3364 705 3423 eius
733 3362 917 3423 contrahitur
944 3365 975 3421 et
1002 3359 1146 3420 duriora

86 3455 118 3512 et
138 3451 271 3512 tanaoior
293 3451 359 3524 erit,
391 3452 442 3511 sed
468 3456 568 3512 tamen
591 3451 723 3529 debilior,
756 3471 847 3528 quam
878 3451 963 3527 prius
993 3449 1105 3510 diisset.

86 3540 144 3602 Sed
165 3541 292 3601 minores
312 3541 464 3616 puellulae
486 3541 640 3605 effluentes
662 3541 779 3606 rivulos
794 3540 949 3602 menstrui
959 3538 1123 3614 sauguinis
