2438 3854
329 137 472 216 CAUSAE
490 138 537 193 ET
555 137 677 193 GURAE
695 139 761 194 LIB.
781 137 828 192 IV.
1029 144 1091 204 193
1160 197 1163 201 ,

66 322 188 381 zuccari
222 322 275 397 sit,
313 322 403 380 addat
433 326 463 381 01
494 325 613 380 tantum
643 322 718 394 vini,
753 326 899 399 quantum
937 341 1093 382 succorum

67 412 203 471 istorum
226 413 284 486 001,
315 414 346 470 01
372 411 468 487 ignito
492 411 586 470 calibe
614 411 646 469 in
673 430 750 472 nova
773 413 833 471 olla
855 413 961 471 autin
983 413 1093 487 patella

69 500 234 578 quinquies
274 500 444 572 calefaciat,
486 502 516 558 01
546 504 707 575 postquam
742 501 893 559 modicum
925 502 1091 572 comederit,

10 634 18 639 -
69 591 153 649 illud
187 589 316 648 calidum
348 588 439 650 bibat.
486 588 574 660 Quod
605 590 630 648 si
662 590 693 647 in
719 589 815 647 hieme
846 593 905 657 est,
941 591 984 649 ita
1012 592 1091 667 quod

73 679 244 755 praedictas
266 678 373 737 herbas
402 677 511 737 habere
537 698 596 738 non
623 681 732 754 potest,
764 678 866 738 baccas
890 679 967 738 lauri
995 684 1025 739 at
1047 681 1120 739 biss

72 772 196 827 tantum
220 767 256 826 de
279 765 450 843 dictampno
473 769 640 844 pulverizet
662 771 693 826 01
714 771 782 842 post
803 768 954 828 modicum
980 769 1040 827 cibi
1062 771 1092 827 in

15 910 33 939 ³
72 857 172 916 calido
204 857 272 915 vino
303 857 399 934 ignito
433 858 525 916 calibe
554 858 694 917 calefacto
722 857 812 916 bibat.
857 858 898 916 Et
924 859 966 916 sic
988 859 1092 916 noxius

10 992 33 1029 Ξ
73 947 163 1022 livor,
187 946 240 1022 qui
262 946 293 1005 in
317 965 351 1005 eo
375 948 530 1018 remansit,
561 966 630 1005 cum
652 947 740 1005 urina
761 952 797 1007 ,01
824 947 987 1023 digestione
1008 965 1089 1022 egre-

17 1092 35 1117 =
73 1035 167 1096 ditur.
212 1034 288 1094 Nam
320 1037 351 1094 in
380 1039 491 1095 aestate
518 1037 597 1094 succi
624 1036 676 1094 isti
702 1035 804 1094 haberi
827 1039 960 1111 possunt.
1006 1034 1092 1094 Calor

72 1125 153 1184 enim
188 1130 219 1184 01
254 1125 351 1201 frigus
387 1124 495 1185 ruthae
518 1143 586 1184 cum
610 1126 705 1183 calore
741 1125 880 1184 absinthii
919 1126 1089 1201 coagulatos
1105 1136 1132 1179 10

72 1213 216 1274 humores
247 1214 321 1273 istos
352 1215 389 1272 ab
420 1214 538 1273 homine
570 1215 689 1289 repellit
719 1217 749 1272 et
779 1215 858 1273 calor
881 1214 999 1273 zuccari
1023 1233 1091 1272 cum

76 1305 175 1363 calore
198 1304 296 1362 mellis
317 1302 468 1362 hominem
490 1302 548 1362 hoc
569 1303 658 1362 modo
680 1303 878 1362 infirmantem
905 1305 1015 1362 sanant.
1052 1303 1092 1360 llt

73 1411 142 1453 cum
166 1393 247 1452 calor
270 1392 333 1451 vini
361 1411 429 1451 cum
459 1393 566 1452 iterato
600 1394 696 1451 calore
729 1392 831 1451 calibis
858 1395 889 1450 et
915 1410 982 1450 cum
1004 1411 1088 1468 prae·

10 1532 12 1541 .
73 1481 162 1542 dictis
186 1482 281 1540 succis
304 1484 501 1557 temperatur,
535 1484 656 1540 etcum
683 1480 755 1541 haec
782 1482 941 1557 quinquies
964 1481 1001 1540 ad
1024 1500 1089 1540 con·

73 1570 268 1631 tertationem
299 1571 346 1629 sui
379 1570 606 1645 calefaciuntur,
636 1573 704 1645 post
730 1570 881 1629 modicum
913 1569 1025 1645 cibum,
1054 1589 1091 1629 ne
1106 1581 1131 1623 15

10 1708 13 1713 .
46 1678 51 1683 ·
71 1658 161 1721 bomo
178 1660 210 1718 in
226 1659 380 1718 debilitate
396 1659 520 1734 deficiat,
544 1664 709 1730 sumantur,
733 1651 763 1718 01
784 1660 863 1718 idem
878 1660 967 1718 homo
984 1659 1090 1718 melius

16 1818 21 1823 ,
72 1748 208 1810 babebit.
238 1748 296 1808 Sed
313 1753 343 1808 01
365 1749 395 1806 in
418 1748 521 1821 hieme,
545 1751 655 1820 (cum)
680 1749 760 1808 succi
782 1748 943 1808 herbarum
965 1749 1090 1807 istarum

67 1837 177 1900 baberi
200 1857 259 1898 non
285 1839 423 1914 possunt,
456 1857 524 1898 oum
552 1838 632 1897 calor
660 1837 816 1896 baccarum
843 1839 922 1896 lauri
954 1842 985 1896 01
1011 1839 1091 1897 calor

64 1927 236 2004 dictampni
264 1945 333 1986 cum
363 1928 471 1987 1100010
503 1928 599 1986 001000
629 1927 693 1986 vini
721 1930 925 2003 temperantur
961 1931 991 1986 01
1022 1947 1091 1986 cum

62 2016 181 2079 iterato
204 2016 302 2076 calore
321 2017 422 2076 calibis
439 2017 651 2091 confortantur,
675 2017 857 2092 praedictam
879 2016 1089 2091 infirmitatem,
1103 2025 1132 2069 20

58 2111 100 2168 ut
123 2106 299 2183 praefatum
322 2109 375 2178 est,
398 2107 435 2164 ab
457 2105 576 2165 homine
599 2104 763 2181 depellunt.

136 2195 186 2255 Dc
208 2196 515 2270 communicaturae.
548 2193 605 2253 Sed
628 2194 727 2271 homo,
751 2196 804 2273 qui
827 2196 862 2254 de
885 2195 1090 2271 superfluitate

56 2282 204 2345 libidinis
226 2284 258 2342 in
281 2284 375 2343 oculis
398 2285 520 2360 caligat,
553 2284 616 2342 sive
639 2286 790 2344 masculus
817 2285 878 2345 sive
905 2284 1016 2342 femina
1042 2283 1089 2358 sit,

56 2375 160 2435 tollat
184 2374 351 2432 outecnlam
373 2373 451 2432 101110
474 2373 562 2448 piscis
584 2373 680 2449 illius,
712 2375 766 2451 qui
789 2373 900 2432 dicitur
922 2373 1029 2446 wclra,
1060 2374 1089 2430 01

57 2462 146 2524 lianc
168 2463 338 2522 cuteoulam
360 2462 429 2521 10110
452 2462 544 2522 effuso
568 2462 606 2522 ad
628 2465 722 2522 solem
744 2463 876 2536 exsiccet,
900 2465 944 2537 ut,
968 2462 993 2520 si
1016 2461 1089 2536 quid
1102 2469 1129 2514 25

54 2552 141 2613 mali
155 2551 291 2611 humoris
313 2553 345 2610 in
360 2551 413 2610 illa
428 2552 576 2627 remansit,
600 2571 653 2627 per
673 2552 880 2610 fortitudinem
895 2550 1003 2609 caloris
1018 2550 1089 2609 solis

59 2641 236 2710 auferatur,
260 2641 342 2717 quod
361 2641 508 2700 fortitudo
524 2641 657 2700 eiusdem
680 2641 767 2699 nimis
789 2641 875 2699 fortis
895 2642 971 2698 00001
986 2638 1088 2711 oculis,

54 2736 100 2793 ut
125 2749 179 2791 000
207 2729 346 2793 laederet.
390 2729 504 2788 Deinde
527 2730 649 2789 eandem
677 2730 844 2799 cuteculam
871 2729 1031 2804 purissimo
1059 2732 1089 2787 et

54 2820 185 2899 optimo
207 2819 277 2880 vino
305 2820 449 2896 intingat,
478 2822 515 2878 ut
542 2839 595 2894 per
622 2820 800 2879 suavitatem
827 2821 858 2877 01
880 2818 1088 2877 fortitudinem

57 2909 203 2971 0100010000
234 2909 296 2968 vini
324 2912 510 2983 temperetur
542 2912 574 2967 01
595 2908 799 2983 mollificetur,
831 2910 862 2966 et
892 2908 929 2965 ad
961 2911 1087 2979 noctem,
1102 2917 1130 2962 30

57 3018 137 3060 cum
159 3016 191 3057 00
206 2998 238 3057 in
254 2999 365 3057 lectum
381 2999 418 3056 ad
434 2998 654 3074 repausandum
670 2998 764 3072 ponit,
787 3017 852 3056 eam
874 3015 964 3072 super
987 2998 1088 3056 oculos

57 3106 135 3149 00100
157 3090 251 3164 ponat
274 3090 305 3147 et
327 3087 455 3162 desuper
475 3107 571 3163 panno
588 3087 670 3163 ligat,
687 3087 730 3145 ita
745 3089 844 3146 tamen
866 3106 903 3145 ne
925 3086 1088 3145 humiditas

60 3176 203 3237 eiusdem
234 3177 389 3236 cnteculae
421 3178 522 3236 oculos
553 3177 679 3235 interius
712 3179 825 3252 tangat,
857 3196 893 3235 ne
924 3195 979 3251 per
1006 3175 1087 3233 forti-

62 3264 204 3326 tudinem
225 3265 309 3324 illius
331 3265 496 3328 laedantur.
526 3266 565 3324 Et
585 3266 662 3325 circa
682 3265 809 3324 mediam
832 3268 949 3323 noctem
972 3265 1088 3321 auferat

60 3373 119 3415 uec
133 3354 252 3415 diutius
267 3355 360 3415 iacere
375 3355 538 3431 permittat,
562 3374 598 3412 ne
614 3355 763 3415 fortitudo
780 3355 844 3412 eius
867 3354 967 3412 oculos
990 3357 1082 3410 trans·
1100 3360 1127 3404 35

63 3444 205 3504 verberet
227 3447 258 3503 et
278 3464 316 3502 na
336 3445 405 3503 illos
427 3445 470 3503 ita
492 3445 602 3506 laedat.
648 3444 687 3504 ln
708 3445 804 3506 tertia
832 3444 939 3501 autem
963 3441 1058 3494 nocta
1078 3438 1115 3488 aa

65 3533 96 3587 in
118 3532 223 3605 quinta
243 3549 279 3589 ao
299 3533 331 3590 100
354 3535 487 3610 septima
500 3537 586 3598 idem
604 3539 713 3616 faciat,
735 3556 804 3597 non
820 3517 1142 3591 0010001000οωὸο

98 3633 259 3692 margareta
273 3649 365 3686 causae
381 3646 407 3688 et
422 3656 503 3693 curae
520 3651 561 3707 ed.
578 3651 715 3698 Kaisar.
995 3619 1038 3672 Ἣ)
