2460 3862
143 137 183 197 76
530 128 777 187 surrentinis

140 335 205 375 eam
236 315 388 374 interdum
419 315 451 372 in
482 315 620 390 opinione
651 317 682 373 et
710 314 830 390 optione
856 313 976 377 habent.
1022 314 1064 375 nt
1086 317 1160 394 quia

140 404 219 463 huno
242 403 391 464 defectum
413 404 444 461 in
468 403 641 480 corporibus
666 402 786 475 habent,
816 403 883 464 ideo
912 404 1004 464 etiam
1024 405 1110 465 tardi
1130 406 1160 465 in

139 493 260 570 iugenio
276 496 354 569 sunt,
377 495 408 551 et
422 512 512 552 venae
527 496 698 569 temporum
713 511 816 553 eorum
830 511 891 552 non
912 496 984 553 sunt
1004 494 1113 571 plenae
1128 496 1158 555 in

140 582 302 653 viriditate,
326 581 376 642 sed
400 581 437 640 ad
459 581 686 640 similitudinem
709 583 890 642 calamorum
914 585 945 642 et
968 584 1159 660 quarundam

113 671 301 730 therbarum
323 671 443 748 fragiles
459 690 548 730 venas
570 670 687 746 habent,
710 690 763 731 nec
785 672 887 731 viriles
907 671 1059 748 dicuntur,
1083 692 1155 750 quo·

141 761 223 819 niam
253 779 343 820 venae
376 779 480 819 eorum
512 760 639 837 frigidae
668 763 739 819 sunt
769 763 800 819 et
832 761 905 837 quia
933 761 1025 821 etiam
1059 779 1154 822 semen

142 868 246 909 eorum
267 851 357 908 tenue
379 852 409 908 et
430 850 580 908 incoctum
602 849 686 909 velut
707 868 813 926 spuma
839 852 897 922 est,
926 869 980 910 nec
1008 850 1088 909 illud
1119 852 1155 911 ad

142 957 309 1015 congruum
331 942 449 1014 tempus
471 938 599 997 retinere
621 941 753 1014 possunt.

205 1030 251 1088 De
273 1028 411 1087 mulieris
433 1028 632 1090 delectatione.
669 1025 836 1087 Delectatic
859 1028 961 1087 autem
979 1027 1011 1086 in
1030 1028 1153 1088 muliere

98 1126 125 1171 10
139 1117 194 1177 soli
221 1119 423 1192 comparatur,
454 1116 506 1192 qui
537 1115 642 1176 blande
672 1120 702 1176 et
723 1116 829 1175 leniter
851 1119 882 1176 et
903 1115 1021 1177 assidue
1043 1121 1153 1177 terram

138 1206 234 1265 calore
264 1224 317 1266 suo
347 1205 514 1282 perfundit,
546 1209 583 1265 ut
613 1206 729 1265 fructus
759 1205 905 1282 proferat,
937 1206 1009 1282 quia
1036 1206 1063 1266 ai
1090 1226 1153 1267 eam

138 1296 234 1355 acrius
264 1295 296 1353 in
323 1294 497 1354 assiduitate
530 1294 710 1370 incenderet,
745 1295 862 1354 fruetus
896 1295 991 1372 magis
1025 1295 1154 1356 laederet

138 1404 228 1460 quarn
256 1402 305 1444 eos
331 1384 516 1460 produceret.
561 1383 609 1442 Ita
631 1384 721 1443 etiam
744 1385 774 1442 et
797 1383 951 1444 delectatio
974 1383 1005 1442 in
1029 1385 1153 1445 muliere

137 1473 242 1533 blande
258 1476 289 1532 et
302 1473 408 1532 leniter
422 1473 472 1532 sed
487 1477 586 1532 tamen
602 1473 716 1532 assidue
732 1472 860 1532 calorem
874 1472 972 1549 habet,
986 1475 1024 1532 ut
1038 1475 1151 1551 prolem

97 1575 124 1619 ro
138 1563 283 1638 concipiat
306 1565 335 1620 et
357 1563 462 1638 pariat,
486 1562 564 1639 quia,
588 1562 613 1620 si
635 1581 750 1637 semper
769 1563 801 1620 in
816 1561 1020 1622 delectationis
1035 1563 1151 1624 fervore

137 1653 280 1727 maneret,
314 1654 384 1727 apta
415 1651 452 1710 ad
485 1651 708 1727 concipiendum
741 1653 771 1710 et
797 1650 835 1709 ad
862 1650 1066 1728 generandum
1093 1672 1152 1713 non

137 1744 220 1802 esset.
266 1739 341 1799 Cum
369 1740 447 1798 enim
475 1739 631 1799 delectatio
659 1740 690 1798 in
717 1740 842 1799 muliere
865 1740 976 1817 surgit,
1002 1741 1100 1802 levior
1120 1743 1151 1802 in

138 1848 172 1887 ea
195 1832 239 1888 est
262 1848 353 1905 quam
373 1829 405 1887 iu
427 1829 501 1899 viro,
525 1829 666 1905 quoniam
687 1828 859 1888 huiusmodi
881 1829 959 1907 ignis
982 1829 1014 1889 in
1034 1849 1070 1890 ea
1088 1834 1152 1891 tam

136 1918 255 1977 fortiter
278 1937 336 1976 non
360 1917 445 1977 ardet
466 1920 502 1976 ut
523 1918 554 1976 in
576 1918 652 1979 viro.

96 2018 124 2063 20

137 2098 267 2155 masculo
291 2096 395 2173 surgit,
419 2096 450 2154 in
474 2115 508 2154 eo
531 2100 567 2154 ut
587 2096 788 2155 molendinum
803 2097 1057 2173 circumvolvitur,
1080 2099 1152 2174 quia

137 2185 226 2244 etiam
257 2185 351 2243 lumbi
382 2186 445 2244 eius
472 2185 556 2244 velut
583 2185 694 2245 fabrica
723 2188 805 2257 sunt,
835 2186 866 2244 in
897 2206 987 2263 quam
1018 2186 1152 2246 medulla

136 2275 236 2352 ignem
265 2274 371 2349 mittit,
404 2274 447 2332 ita
475 2273 555 2350 quod
582 2277 612 2333 et
639 2274 750 2334 fabrica
772 2274 825 2333 illa
848 2275 975 2335 eundem
996 2275 1098 2353 ignem
1119 2277 1152 2336 in

136 2364 278 2442 genitalia
304 2365 368 2423 loca
395 2364 518 2423 masculi
544 2363 727 2422 transfundit
754 2382 787 2423 ac
814 2383 882 2423 eum
904 2364 1024 2424 fortiter
1046 2365 1150 2426 mdccc

95 2454 215 2514 refacit.
260 2452 317 2512 sed
345 2472 412 2512 cum
439 2455 545 2512 ventus
575 2452 776 2512 delectationis
803 2473 838 2512 ex
865 2453 997 2512 medulla
1021 2453 1150 2514 feminae

137 2543 297 2621 egreditur,
328 2543 359 2601 in
390 2543 551 2616 matricem,
580 2560 655 2617 (puae
677 2541 819 2601 umbilico
843 2543 990 2618 adhaeret,
1014 2542 1149 2605 caditat

128 2634 309 2709 ,sanguinem
332 2632 465 2691 mulieris
482 2630 519 2689 ad
535 2630 759 2689 delectationem
774 2636 882 2708 movet,
906 2636 936 2691 et
951 2632 1023 2708 quia
1037 2634 1149 2692 matrix

136 2723 212 2780 circa
227 2722 402 2779 umbilicum
419 2721 551 2779 mulieris
574 2719 707 2795 amplum
730 2723 761 2778 et
783 2721 868 2779 velut
890 2720 1026 2797 apertum
1051 2722 1151 2781 locum

135 2810 231 2881 habet,
254 2814 362 2869 ventus
384 2811 435 2868 ille
458 2811 489 2867 in
504 2812 636 2869 ventrem
652 2808 715 2867 eius
730 2826 761 2867 se
777 2809 891 2881 dilatat,
914 2812 945 2869 et
958 2809 1025 2869 ideo
1041 2811 1148 2886 lenius,

96 2908 124 2953 30
139 2899 273 2975 ‹puamvis
296 2918 367 2974 prae
389 2899 568 2958 humiditate
591 2916 644 2957 sua
666 2898 789 2975 saepius,
812 2899 856 2958 ibi
878 2898 909 2957 in
925 2899 1150 2960 delectationem

138 2986 235 3062 ardet,
266 2991 296 3046 et
325 2987 391 3046 ideo
421 2988 510 3046 etiam
541 2990 593 3045 aut
620 3006 691 3063 prae
717 2987 824 3048 timore
852 2991 906 3046 aut
931 3007 1002 3064 praa
1033 2988 1150 3065 pudore

137 3076 254 3136 facilius
282 3095 371 3152 quam
399 3077 445 3136 vir
472 3097 489 3135 a
519 3077 710 3136 delectatione
740 3095 771 3136 se
801 3078 952 3136 continere
983 3077 1077 3155 valet,
1105 3079 1150 3138 ita

137 3167 217 3243 quod
248 3167 337 3224 etiam
372 3184 477 3241 spuma
507 3166 625 3225 seminis
655 3166 691 3225 ab
722 3185 755 3224 ea
786 3167 884 3226 rarius
914 3185 1004 3242 quam
1036 3187 1054 3225 a
1083 3168 1149 3228 viro

136 3257 243 3315 eicitur
266 3258 295 3315 et
318 3255 434 3314 modica
456 3257 607 3314 attentae
630 3255 803 3332 exiguitatis
825 3256 863 3314 ad
886 3273 1023 3332 spumam
1036 3256 1096 3316 viri
1114 3259 1152 3316 ut

94 3354 121 3401 ³5
135 3345 268 3405 frustum
290 3344 375 3420 panis
398 3343 434 3402 ad
456 3344 659 3420 integritatem
679 3346 750 3405 eius.
785 3343 842 3404 Sed
861 3349 962 3403 tamen
976 3345 1152 3406 multotiens

135 3435 246 3508 evenit,
276 3453 345 3494 cum
376 3434 528 3508 praedicta
559 3451 665 3507 spuma
696 3436 765 3509 post
796 3433 1021 3493 delectationem
1048 3434 1086 3494 ab
1113 3453 1149 3494 aa

137 3543 196 3582 non
218 3523 333 3598 eicitur,
358 3521 438 3599 quod
461 3522 542 3581 venis
565 3523 705 3597 matricis,
730 3541 806 3599 quae
821 3522 962 3583 candidae
976 3527 1007 3583 et
1020 3523 1148 3603 pingues

64 3666 115 3699 «Λ,
216 3683 221 3693 ,
