2460 3862
341 128 484 186 CAUSAH
502 127 549 184 ΕΤ
567 130 690 186 OURAE
709 130 777 185 LIB.
795 129 832 187 ΙΙ.
1031 135 1093 196 117

73 315 107 372 in
131 332 162 374 se
184 333 244 374 non
266 314 400 387 haberet3
423 318 454 374 et
476 315 501 374 si
524 315 645 392 sangaris
668 315 811 374 humidus
833 334 892 374 non
915 318 1004 390 esset,
1027 333 1095 374 oaro

73 402 240 464 subsistere
261 422 321 464 non
343 407 451 480 posset,
475 404 526 463 sed
549 405 634 464 velut
656 408 737 464 terra
759 407 842 464 esset

142 493 189 554 De
221 494 353 554 mam
383 494 553 566 differentia
580 495 616 553 ia
637 495 739 557 lemme.
784 493 891 566 Homo,
932 494 1042 570 (qui)'
1064 493 1096 552 in

72 582 168 641 nimio
190 582 302 660 frigore
323 582 437 658 hiemis,
461 601 530 643 oum
552 583 616 660 ipse
637 583 763 644 interius
785 583 915 660 frigidus
931 587 985 654 est,
1008 582 1095 642 valde

74 671 187 730 calidos
209 672 290 732 eibos
312 671 456 747 eomedit,
489 672 692 732 melancoliam
715 673 771 733 sibi
793 672 879 732 facile
907 672 1033 732 attrahit
1063 674 1125 732 ets

74 780 142 819 eam
164 761 196 819 in
217 779 249 821 ss
270 761 387 822 exoitnt.
433 761 492 833 Qui
515 765 616 821 autem
638 763 724 822 valde
747 761 873 839 frigidos
896 762 978 821 cibos
1001 779 1096 821 come-

74 850 131 921 dit,
154 851 308 926 cumipse
334 850 461 910 interius
489 851 619 929 frigidus
647 856 705 924 est,
736 850 833 911 febres
860 850 928 910 inde
956 850 1095 926 acquirit.

75 937 137 1008 Qui
159 958 230 999 vero
253 939 284 998 in
306 939 419 1016 frigore
441 940 556 1014 hiemis,
579 960 648 1000 oum
671 941 734 1017 ipse
753 941 880 1000 interius
895 940 1026 1017 frigidus
1041 943 1095 1014 est,

72 1030 255 1104 temperatos
270 1028 351 1089 eibos
366 1030 502 1101 eomedit,
525 1031 557 1089 id
572 1033 617 1090 est
638 1049 692 1090 nso
711 1031 800 1089 nimis
815 1030 925 1089 calidos
940 1047 993 1088 neo
1008 1028 1096 1087 nimis

72 1117 209 1194 frigidos,
243 1136 278 1177 ex
309 1118 351 1178 eis
382 1119 530 1179 modicam
563 1119 755 1179 refectionem
788 1120 988 1195 consequitur,
1023 1118 1138 1194 quia1o

74 1207 189 1266 bonum
212 1208 385 1284 magninem
408 1208 517 1268 sinon
539 1209 704 1269 conferunt.
750 1208 809 1278 Qui
834 1212 934 1268 autem
961 1209 992 1266 in
1018 1210 1092 1266 tem·

73 1315 148 1372 pore
170 1296 291 1373 frigoris
314 1296 346 1356 in
368 1296 454 1357 valde
476 1298 572 1358 aalide
600 1298 668 1359 looo
693 1302 873 1373 temperatos
897 1297 977 1357 oibos
1000 1315 1094 1355 eome-

73 1385 129 1461 dit,
161 1385 274 1446 seilicet
305 1386 359 1462 qui
387 1405 441 1446 neo
471 1387 560 1446 nimis
588 1387 677 1446 calidi
699 1406 753 1447 neo
774 1388 864 1446 nimis
886 1387 991 1463 frigidi
1015 1389 1094 1460 sunt,

73 1473 133 1534 eibi
155 1475 202 1533 illi
225 1493 294 1534 eum
319 1494 379 1534 non
409 1476 540 1548 laedunt,
571 1477 623 1536 sed
652 1481 752 1536 tamen
785 1476 874 1552 oalor,
907 1495 996 1552 quem
1027 1476 1091 1550 ipse

73 1567 149 1623 tuno
170 1563 267 1639 habet,
290 1564 476 1624 debilitatem
498 1566 525 1624 ei
548 1565 648 1628 infert.
1111 1579 1139 1623 15

142 1655 191 1714 De
222 1653 349 1728 frigoris
381 1658 619 1728 temperamento.
677 1654 790 1731 Homo,
831 1656 883 1732 qui
917 1655 949 1713 in
983 1654 1096 1730 frigore

73 1743 180 1802 hiemis
203 1742 356 1802 comedere
385 1745 461 1820 vult,
493 1744 594 1804 locum
625 1745 683 1804 sibi
715 1745 819 1819 faeiat,
844 1745 906 1821 =qui
934 1762 987 1802 neo
1008 1744 1097 1801 nimis

74 1831 189 1892 salidus
211 1850 265 1891 neo
287 1832 376 1891 nimis
399 1833 540 1910 frigidus⁴
553 1834 606 1906 sit,
638 1833 689 1893 sed
721 1837 915 1910 temperatus
947 1836 978 1892 et
1007 1832 1097 1891 etiam

74 1939 129 1981 nee
150 1921 239 1980 nimis
261 1921 372 1981 calidos
400 1941 453 1981 neo
479 1922 568 1983 nimis
598 1923 726 2000 frigidos
757 1923 837 1982 cibos
869 1922 1017 1987 comedat,
1047 1922 1097 1981 sed

74 2013 265 2087 temperatos,
289 2014 319 2069 st
340 2011 385 2069 ita
406 2011 564 2071 sanitatem
587 2012 619 2070 in
642 2011 714 2071 oibis
736 2012 885 2072 retinebit.
931 2012 972 2071 Ht
998 2015 1097 2070 tamen
1110 2022 1140 2068 ao
1221 2060 1227 2065 .

75 2099 214 2176 quamvis
236 2099 363 2159 calorem
389 2100 421 2158 in
448 2101 581 2160 vestibus
608 2101 665 2160 sibi
692 2101 794 2173 faciat,
825 2101 857 2159 in
884 2101 995 2178 frigido
1023 2101 1097 2172 loeo,

73 2188 196 2248 interim
218 2189 290 2248 dum
313 2189 450 2265 eomedit,
472 2209 531 2250 non
555 2189 662 2262 sedeat,
686 2191 807 2266 quiesi
830 2190 977 2267 frigidum
1000 2208 1097 2248 aerem

73 2275 253 2339 comedendo
275 2277 307 2336 in
329 2295 361 2337 se
383 2277 491 2354 trehit,
513 2279 565 2339 ille
588 2298 657 2338 enm
680 2279 832 2338 infirmum
854 2279 964 2343 reddit,
1009 2276 1099 2337 Calor
1223 2347 1227 2354 ,

73 2370 176 2427 autam
191 2365 227 2426 de
242 2367 346 2443 prunis
365 2368 403 2426 ad
425 2367 548 2428 dorsum
571 2368 698 2428 hominis
721 2369 889 2444 essendone,
912 2369 985 2427 dum
1000 2384 1095 2425 eome-

73 2457 127 2527 dit,
151 2475 220 2516 eum
241 2455 386 2516 seniorem
408 2457 513 2529 reddit,
538 2477 629 2534 quam
651 2459 677 2517 si
700 2457 919 2535 calorignisei
939 2455 1092 2516 infaciem
1106 2468 1133 2513 aa

72 2544 201 2607 socedat.

142 2635 190 2693 De
220 2636 343 2695 aestatis
363 2637 536 2709 intemperie
567 2640 595 2695 et
616 2637 749 2695 ciborum
771 2636 952 2696 diversitate.
997 2633 1096 2693 Homo

73 2728 184 2799 autem,
200 2723 254 2800 qui
268 2724 300 2782 in
315 2727 436 2801 aestate,
458 2743 526 2784 oum
547 2725 673 2784 interius
693 2725 780 2784 valde
796 2725 911 2784 salidus
933 2728 987 2795 est,
1010 2723 1096 2784 valde

74 2813 187 2872 calidos
210 2813 292 2872 eibos
314 2813 450 2888 eomedit,
474 2817 594 2890 gattam
616 2815 648 2872 in
671 2833 701 2874 se
725 2814 811 2874 facile
827 2813 952 2885 excitam
976 2814 1002 2872 si
1016 2832 1096 2884 vero,

74 2921 143 2961 oum
165 2901 197 2960 in
229 2905 340 2961 aestate
370 2902 456 2961 valde
484 2903 599 2963 salidus
621 2904 749 2963 interius
772 2907 832 2975 est,
861 2902 948 2962 valde
970 2902 1098 2980 frigidos
1112 2913 1141 2958 ss

78 2992 161 3052 eibos
183 2989 320 3066 eomedit,
344 2992 451 3068 flegma
472 2992 504 3050 in
526 3011 557 3052 se
579 2996 673 3068 parat.
718 2993 759 3052 nt
781 2992 848 3052 ideo
870 2992 960 3051 homo
981 2993 1013 3050 in
1033 3009 1096 3051 aes-

77 3086 142 3140 tate
163 3083 344 3156 temperatos
374 3081 405 3139 in
428 3082 525 3140 salore
547 3084 579 3141 et
600 3083 631 3140 in
653 3082 767 3159 frigore
789 3082 870 3141 eibos
892 3085 1000 3151 sumat,
1023 3085 1054 3138 et
1067 3080 1099 3138 hi

80 3170 194 3230 bonum
217 3169 392 3246 sanguinem
415 3173 445 3229 et
467 3189 568 3229 sanam
591 3190 708 3230 earnem
731 3172 757 3230 ei
788 3170 952 3230 conferunt
997 3169 1037 3228 Iit
1068 3170 1098 3227 in

83 3261 196 3319 aestate
218 3277 287 3319 oum
310 3259 399 3318 homo
421 3259 548 3319 interius
571 3260 656 3319 vaide
679 3260 793 3319 calidus
816 3263 869 3331 est,
892 3260 918 3319 si
933 3261 1006 3318 tuno
1019 3258 1097 3316 mul·

82 3351 149 3408 tum
182 3347 319 3420 eomedit,
353 3348 390 3408 de
423 3349 520 3408 mults
553 3349 732 3409 comestione
763 3349 884 3425 sanguis
917 3349 980 3406 eius
1008 3357 1141 3423 suprasss

80 3437 205 3497 modum
227 3436 378 3497 inealessit
399 3441 431 3497 et
451 3437 592 3511 humores
615 3439 646 3496 in
666 3440 778 3498 malum
793 3438 916 3498 modum
930 3438 1099 3511 vertuntur,

79 3530 170 3604 atque
194 3543 296 3586 earnes
318 3526 451 3603 eorporis
475 3527 538 3588 eius
566 3527 710 3589 inflantur
739 3533 770 3589 st
797 3526 914 3588 ininste
942 3525 1119 3596 metantur,
