2460 3862
137 134 199 194 158
522 128 768 185 HILDEGARDIS

202 317 249 374 Dc
270 315 427 374 00001100.
472 311 529 372 Sed
552 316 674 373 etcum
698 312 799 370 eadem
829 330 935 389 spuma
964 312 1144 371 stomachum

135 404 293 479 aliquando
317 401 487 478 pertransit,
516 402 547 460 in
571 420 605 461 eo
630 402 774 496 quasdam
797 419 910 462 vermes
932 400 1061 460 ebullire
1080 401 1147 459 facit

135 496 225 569 atqua
260 493 402 568 quosdam
438 492 594 551 acerrimos
628 495 659 550 et
692 509 807 550 macros
836 489 989 567 pediculos
1011 491 1043 548 in
1065 509 1147 549 carue

134 582 285 640 interdum
320 599 448 640 crescere
483 581 563 642 facit.
607 580 648 639 Et
678 581 732 639 ubi
763 580 842 639 idem
874 579 953 640 livor
975 579 1007 637 in
1031 597 1149 655 corporo

107 670 262 730 5110011010
296 672 379 746 10001,
413 671 456 729 111
490 669 580 728 etiarn
615 668 775 746 aliquando
803 688 838 727 ex
865 667 1017 745 praedicta
1047 687 1150 744 spuma

136 761 296 836 gracillimi
318 759 482 829 vermiculi,
519 759 571 834 qui
594 759 684 818 tarmi
712 759 861 834 dicuutur,
894 760 1039 832 crescunt,
1070 757 1151 817 velut

136 850 258 925 quidem
280 849 436 909 vermiculi
459 849 490 905 in
513 867 592 925 aqua
613 848 667 906 illa
689 848 841 906 interdum
872 853 1045 922 nascuntur,
1077 866 1149 923 quae

133 939 166 996 in
188 957 247 998 000
270 939 336 998 1000
361 940 422 996 0101
445 940 557 997 etnon
580 937 655 998 fluit.
701 937 741 995 Et
772 937 797 995 si
826 940 900 994 1000
922 936 1079 995 vermiculi
1101 936 1150 994 isti

134 1028 164 1085 in
188 1028 306 1086 homine
328 1027 380 1086 illo
404 1026 609 1098 remanserint,
640 1027 684 1084 110
716 1026 797 1101 quod
821 1026 857 1084 ab
881 1043 997 1084 eonon
1021 1025 1150 1096 exieriut,

93 1131 120 1175 10
133 1136 200 1174 eum
224 1117 355 1174 multum
378 1115 509 1176 laedunt.

198 1207 243 1264 Dc
266 1206 428 1266 lumbricis.
473 1204 517 1262 De
539 1203 634 1263 noxiis
658 1222 778 1279 quoque
805 1206 835 1262 et
858 1203 943 1262 malis
965 1201 1149 1278 humoribus,

132 1295 185 1370 qui
216 1295 247 1353 in
269 1294 388 1354 homine
411 1293 547 1353 venenosi
580 1296 650 1352 sunt
677 1296 707 1352 01
736 1293 789 1368 qui
815 1295 852 1351 01
878 1292 956 1351 livor
977 1291 1011 1350 in
1034 1291 1150 1352 homine

131 1402 161 1442 se
177 1383 356 1443 contrahunt
372 1387 402 1443 et
418 1382 471 1459 qui
486 1383 517 1441 iu
532 1383 667 1441 nocivam
682 1381 902 1458 longitudinem
917 1383 954 1439 01
968 1381 1107 1456 tepidum
1122 1385 1153 1439 01

131 1473 287 1549 putridum
310 1473 415 1532 vinum
436 1475 610 1547 vertuntur,
642 1489 756 1531 vermes
783 1471 815 1528 10
837 1470 956 1529 homine
979 1470 1068 1529 facile
1090 1487 1151 1529 000·

90 1574 117 1619 15
132 1566 253 1634 cuntur,
285 1562 336 1620 sed
364 1561 522 1638 praecipue
548 1561 579 1618 in
605 1560 769 1619 infantibus
800 1562 830 1619 et
856 1560 887 1618 in
917 1559 1029 1635 pueris,
1070 1559 1151 1636 quod

131 1651 270 1711 humores
299 1670 402 1710 eorum
434 1651 465 1708 in
487 1650 559 1724 ipsis
587 1650 774 1725 aliquantum
802 1650 877 1708 10010
905 1648 1047 1724 permixti
1071 1653 1147 1707 0001.

132 1738 189 1798 Sed
227 1759 340 1799 vermes
378 1740 409 1798 in
443 1738 561 1798 homine
596 1759 614 1796 0
647 1738 938 1798 consuetudinalibus
971 1737 1145 1797 humoribus

131 1847 189 1887 non
234 1832 398 1888 nascuntur
442 1847 496 1888 nac
542 1828 578 1887 ab
624 1827 799 1886 humoribus
845 1827 920 1900 illis,
967 1827 1022 1902 qui
1068 1843 1145 1886 acres

131 1921 259 1976 000101
282 1921 407 1993 acetum,
431 1918 479 1977 vel
502 1918 526 1975 si
549 1919 647 1975 tamen
669 1917 702 1974 in
724 1915 891 1977 hominibus
913 1916 988 1990 istis,
1014 1916 1068 1992 qui
1082 1934 1141 1975 con·

92 2019 119 2063 20
134 2006 334 2066 suetudinales
357 2025 453 2066 mores
475 2007 506 2064 in
530 2024 560 2064 00
583 2007 700 2077 hubent,
724 2006 929 2082 aliquomodo
953 2023 1082 2064 crescere
1103 2004 1140 2062 in·

135 2097 272 2170 ceperint,
294 2096 352 2154 0110
369 2096 510 2155 deficient.
540 2095 625 2166 Quod
640 2095 666 2153 si
679 2095 852 2154 huiusmodi
868 2112 980 2154 vermes
997 2094 1028 2153 10
1048 2094 1140 2169 aliquo

133 2184 250 2244 homine
275 2186 465 2257 excreverint,
489 2183 851 2244 0010101110101001001

199 2276 247 2335 De
274 2275 431 2347 pediculis.
479 2273 606 2344 Quidam
634 2277 734 2332 autem
760 2267 893 2333 homines
930 2276 1001 2330 0001
1028 2271 1139 2348 gracilis

133 2381 197 2422 ossa
222 2368 252 2422 01
267 2362 399 2422 membra
419 2367 450 2422 01
470 2362 595 2439 graciles
615 2381 702 2421 venas
726 2363 875 2434 habentes,
901 2361 952 2419 sed
975 2361 1102 2438 pingues
1116 2362 1139 2418 et

88 2464 215 2511 cosanus
239 2471 338 2512 carnes
353 2455 384 2511 01
399 2454 472 2512 1000
488 2453 674 2527 temperatas,
697 2452 740 2509 ita
756 2451 837 2527 quod
852 2469 905 2509 neo
919 2450 1009 2509 nimis
1032 2451 1138 2508 clausae

128 2561 182 2600 neo
204 2542 292 2600 nimis
316 2546 434 2618 apertae
457 2544 540 2613 sunt;
564 2544 594 2599 et
615 2541 734 2615 plenam
757 2548 787 2599 et
809 2542 882 2600 bene
906 2539 937 2598 iu
960 2539 1058 2598 calore
1073 2543 1138 2598 tem·

128 2636 260 2705 persiam
289 2632 451 2690 medullam
481 2633 583 2689 100001
610 2632 640 2688 01
667 2629 733 2688 1100
756 2630 845 2688 etiam
868 2629 991 2704 plenum
1016 2629 1138 2687 animun

128 2724 159 2779 01
180 2723 340 2796 potentem,
364 2721 414 2780 sed
431 2719 653 2795 aliquantulum
668 2719 698 2776 in
715 2719 846 2778 vanitate
861 2718 1007 2778 lascivum
1029 2717 1137 2786 habeut

128 2811 158 2866 01
188 2810 292 2868 molles
323 2814 354 2868 et
384 2809 502 2868 delicati
534 2812 612 2871 0001.
662 2808 702 2866 Et
736 2809 807 2885 quia
836 2808 954 2884 plenem
985 2806 1139 2866 medullam

2 2940 7 2960 ,
86 2897 249 2974 30101001,
278 2898 345 2958 ideo
377 2900 467 2957 etiam
499 2899 622 2975 spissam
656 2896 705 2955 sed
740 2898 882 2974 gracilem
920 2904 950 2955 et
984 2895 1084 2955 albam
1113 2910 1139 2952 sc

127 3005 228 3044 sanem
259 2987 390 3046 arvinam
424 2989 485 3046 sine
517 2986 660 3063 pediculis
691 2986 808 3049 habeut.
854 2986 912 3044 Sed
943 2989 1044 3044 tamen
1077 2984 1139 3042 dun

127 3076 228 3134 eadem
252 3076 354 3136 arvina
381 3077 532 3135 interdum
555 3075 692 3135 sudorem
716 3076 834 3152 emittit,
858 3075 949 3135 sudor
970 3075 1024 3133 1110
1039 3088 1140 3151 pancos
1176 3144 1179 3149 .

126 3164 279 3242 pediculos
310 3165 341 3223 in
374 3170 441 3224 0010
472 3167 600 3225 exterius
633 3165 706 3223 facit
737 3169 768 3223 01
798 3165 903 3225 nutrit
948 3163 1006 3222 Sed
1037 3167 1068 3222 01
1096 3159 1141 3221 alii

125 3255 258 3315 homines
290 3258 372 3326 sunt,
408 3255 461 3330 qui
494 3273 597 3331 grossa
627 3272 692 3312 ossa
719 3258 749 3313 01
777 3272 880 3332 grossa
901 3253 1037 3311 membra
1058 3255 1140 3328 atquc

85 3355 113 3400 35
126 3364 243 3422 grossas
267 3362 356 3404 venas
378 3343 485 3402 habent
508 3344 559 3402 sed
578 3361 708 3401 macram
725 3347 828 3402 01000
843 3343 974 3402 multum
995 3342 1140 3401 ardentem

125 3435 299 3508 medullam,
331 3436 361 3492 et
391 3433 458 3492 ideo
484 3436 606 3509 propter
638 3431 822 3492 debilitatem
853 3431 1002 3491 medullas
1032 3432 1139 3507 impru-

121 3523 273 3582 dentiores
293 3526 365 3583 0001
389 3522 423 3582 01
440 3523 588 3583 edaciores
611 3523 640 3580 01
664 3539 750 3598 saepe
774 3522 944 3596 esurientes,
969 3520 1021 3580 sed
1044 3523 1074 3581 01
1094 3533 1141 3596 per
