2460 3862
365 120 506 177 CAUSAE
524 121 571 176 ΕΤ
590 120 713 177 OURAE
730 121 799 180 LIB.
817 121 838 176 Ι.
879 147 882 151 ’
1072 123 1113 184 13

93 311 329 383 murmurantes,
363 308 394 366 et
416 307 461 366 sol
484 310 569 383 tunc,
601 306 688 383 quasi
714 306 860 366 irascatur
887 308 1012 383 propter
1034 305 1111 364 diffi-

93 398 240 456 cultatem
261 396 449 474 reversionis,
479 397 611 455 multum
634 398 751 456 aestum
773 395 898 471 emittit,
921 395 966 455 ita
987 398 1024 454 ut
1046 395 1114 454 inde

92 486 220 562 fulgura
234 489 265 545 et
278 486 414 545 tonitrua
429 489 542 560 sonent,
559 486 701 563 quoniam
717 484 754 544 ad
770 485 940 546 descensum
952 484 1115 544 difficulter

92 575 234 638 vertitur.
280 574 338 634 Sed
362 594 431 635 cum
455 576 493 635 ad
516 575 636 652 signum
658 574 785 652 virginis
813 575 994 650 pervenerit,
1021 574 1064 633 ibi
1087 574 1114 632 ei

93 665 141 723 illi
164 664 223 723 duo
246 665 383 740 planetae
408 665 578 741 occurrunt,
603 664 655 741 qui
678 664 710 723 in
731 664 816 740 signo
840 663 921 723 tauri
945 664 972 723 ei
996 663 1141 724 obviams

91 755 247 826 venerunt,
271 756 301 812 et
323 757 396 814 tunc
419 755 541 815 suavius
564 757 594 813 et
617 754 721 813 mitius
743 752 862 821 incedit.
887 753 958 828 quia
980 754 1061 812 calor
1083 755 1114 812 et

93 841 238 902 acerbitas
263 843 327 903 eius
350 844 509 921 mitigatur
530 843 591 902 iam
613 845 695 903 terra
717 842 837 901 nullum
859 842 993 901 fructum
1017 843 1113 918 profe-

93 935 177 992 rente
210 932 262 992 sed
284 932 345 991 fere
372 933 404 991 in
433 932 627 992 delectatione
650 931 835 991 maturitatis
858 933 964 992 stante.
1009 931 1049 990 Et
1071 931 1115 990 ita

93 1039 164 1080 cum
187 1039 221 1080 ao
243 1021 384 1081 incedunt
413 1040 508 1097 usque
536 1021 573 1080 ad
604 1022 724 1098 signum
751 1021 859 1092 librae,
890 1021 945 1079 ubi
977 1019 1114 1079 viriditas

93 1113 125 1169 et
147 1109 269 1170 ariditas
292 1111 379 1187 quasi
401 1111 433 1171 in
455 1111 532 1170 libra
554 1112 632 1186 sunt,
655 1111 699 1171 ita
722 1109 803 1186 quod
825 1109 962 1170 viriditas
982 1108 1114 1169 abscedit
1128 1120 1155 1165 10

95 1203 126 1258 et
149 1199 272 1260 ariditas
295 1200 417 1264 accedit.
455 1201 495 1259 Et
517 1199 560 1259 ibi
583 1201 659 1259 alter
682 1218 785 1260 eorum
809 1199 903 1257 altera
924 1202 1009 1275 parte
1033 1198 1113 1272 solis,

94 1289 173 1348 alter
200 1289 293 1349 altera
320 1292 406 1365 parte
434 1289 496 1349 eius
525 1290 640 1350 vadunt
667 1308 698 1348 se
725 1289 770 1348 ita
801 1291 982 1364 separantes,
1015 1289 1052 1347 ut
1082 1287 1114 1346 in

93 1377 182 1453 signo
213 1378 401 1455 geminorum
429 1379 576 1451 fecerunt,
608 1379 653 1439 ita
684 1397 753 1438 eum
781 1377 921 1437 ducentes
952 1396 1046 1453 usque
1075 1377 1112 1435 ad

94 1466 216 1544 signum
248 1468 424 1544 scorpionis,
454 1472 485 1528 et
511 1468 555 1528 ibi
583 1469 660 1528 alter
689 1486 792 1527 eorum
815 1469 957 1528 remanet.
1002 1465 1114 1525 Sedet

93 1557 168 1615 tunc
190 1557 247 1616 soli
263 1557 338 1616 alius
353 1559 472 1634 planeta
486 1557 529 1616 ibi
545 1558 682 1633 occurrit,
706 1556 820 1616 scilicet
835 1557 893 1631 ille,
919 1555 972 1632 qui
987 1555 1112 1615 inferius
1125 1567 1155 1612 15

93 1645 193 1705 cancri
226 1646 371 1708 veniebat.
427 1647 467 1706 11(
502 1647 592 1705 etiam
625 1647 761 1721 planete,
800 1645 850 1720 qui
891 1645 930 1706 ad
965 1663 1033 1704 eum
1071 1644 1112 1704 ibi

93 1735 227 1794 cucurrit
250 1737 280 1794 et
301 1738 383 1795 retro
407 1737 438 1795 et
461 1739 528 1796 ante
550 1734 682 1808 incessit,
711 1734 808 1794 adhuc
831 1753 899 1794 cum
923 1735 983 1794 sole
1007 1737 1113 1806 manet,

98 1827 130 1882 et
161 1823 202 1883 sic
233 1842 301 1883 oum
334 1844 368 1884 eo
399 1824 485 1885 ambo
517 1824 666 1887 incedunt.
719 1825 802 1883 Tunc
838 1824 929 1884 etiam
962 1824 994 1882 in
1027 1825 1112 1900 signo

97 1913 261 1988 scorpionis
285 1914 385 1973 omnia
406 1914 556 1990 reptantia
579 1915 752 1974 cavernulas
776 1932 845 1973 suas
873 1915 1032 1989 quaerunt,
1061 1913 1113 1972 ubi

93 2020 148 2078 per
169 2001 297 2062 hiemem
319 2003 546 2069 abscondantur.
579 2003 636 2063 Sed
658 2003 786 2079 praefati
808 2002 869 2062 duo
892 2003 1028 2077 planetae
1044 2021 1114 2063 cum
1126 2012 1155 2058 (ο

95 2090 157 2150 sore
189 2091 234 2150 cs
266 2077 409 2152 metrum
442 2111 538 2168 usqua
571 2093 608 2151 aa
646 2092 768 2170 signum
805 2092 968 2169 sagittarii,
1006 2095 1037 2151 ee
1070 2092 1113 2151 ibi

92 2184 253 2244 remanent.
290 2181 330 2241 Et
351 2185 424 2241 tunc
446 2183 479 2240 in
501 2183 585 2260 signo
609 2181 882 2259 sagittariinullus
904 2181 1024 2257 planeta
1045 2200 1113 2240 cum

92 2269 154 2328 sole
183 2269 290 2329 amodo
318 2271 443 2347 incedit,
475 2274 512 2331 ut
537 2271 622 2347 prius
649 2290 718 2331 cum
744 2272 808 2347 ipso
841 2271 1028 2341 incedebant,
1062 2268 1113 2328 sed

93 2358 227 2418 suaviter
249 2361 280 2418 et
300 2359 407 2419 leniter
430 2379 484 2436 per
506 2379 537 2420 se
560 2361 660 2437 ipsum
682 2361 816 2420 incedere
831 2360 1018 2435 permittunt,
1042 2358 1113 2433 quia

92 2448 154 2506 iam
181 2447 212 2507 in
240 2448 376 2508 inferiori
413 2449 553 2510 descensu
591 2453 648 2524 est3
681 2450 765 2511 velut
791 2448 875 2508 navis
907 2448 939 2506 in
971 2447 1112 2506 descensu
1125 2457 1154 2502 25

90 2536 223 2596 fluminis
254 2538 407 2597 interdum
439 2558 493 2615 per
523 2557 553 2599 se
582 2540 689 2599 leniter
711 2540 755 2597 ire
778 2536 964 2613 permittitur
987 2536 1112 2595 sublatis

91 2625 183 2685 remis
214 2629 244 2686 et
276 2627 319 2687 eis
346 2647 400 2703 per
432 2627 560 2703 aliquam
590 2647 704 2688 moram
735 2624 894 2702 aliquando
922 2626 1113 2689 cessantibus.

91 2713 151 2773 Sed
174 2716 314 2792 quoniam
337 2716 383 2776 sol
403 2717 434 2776 in
449 2717 591 2777 descensu
606 2720 659 2789 est,
683 2717 764 2775 calor
787 2715 850 2774 eius
872 2715 1032 2790 praecipue
1055 2716 1111 2775 sub

90 2809 174 2863 terra
196 2807 241 2864 est
269 2809 300 2865 et
326 2806 415 2866 etiam
443 2807 475 2865 in
502 2807 587 2883 aquis
615 2825 633 2864 a
661 2809 743 2866 terra
770 2801 902 2865 remotis.
948 2805 999 2863 Illi
1021 2805 1112 2864 etiam

90 2893 152 2952 duo
175 2894 319 2969 planetae,
344 2895 397 2971 qui
420 2915 488 2954 eum
511 2914 605 2970 usque
625 2894 663 2953 ad
678 2895 797 2971 signum
812 2894 962 2970 sagittarii
977 2895 1110 2954 comitati
1123 2905 1152 2951 so

91 2985 172 3058 sunt,
195 3001 226 3042 se
248 2984 280 3042 in
301 2984 395 3044 nubes
417 2988 490 3044 tunc
513 3002 632 3043 sursum
655 2984 769 3043 tollunt
784 2985 814 3042 et
829 2984 927 3043 calore
943 3002 997 3043 suo
1015 3003 1112 3043 aerem

90 3071 162 3148 plus
190 3073 278 3132 solito
308 3073 493 3135 calefaciunt.
543 3072 688 3149 Alioquin
719 3073 830 3148 omnia,
865 3093 940 3148 quae
969 3074 1001 3131 in
1031 3076 1112 3132 terra

90 3164 172 3237 sunt,
194 3162 335 3237 perirent.
373 3162 413 3220 Ε(
433 3162 490 3221 hoc
512 3162 600 3222 modo
623 3181 718 3238 usque
741 3161 780 3222 ad
803 3162 923 3238 signum
945 3161 1111 3237 capricorni

90 3250 150 3309 soli
173 3250 321 3323 serviunt3
344 3251 398 3310 ubi
420 3270 489 3310 eum
511 3250 592 3312 idem
614 3253 750 3328 planetae
774 3249 812 3309 ad
835 3269 987 3310 ascensum
1001 3249 1111 3326 prioris

92 3357 200 3400 cursus
232 3341 279 3399 sui
311 3339 508 3400 exhortantur
539 3346 569 3402 et
598 3341 753 3412 adiuvant,
781 3343 818 3398 ut
844 3339 1029 3416 praedictum
1052 3341 1108 3399 est.
1123 3347 1152 3393 35

92 3426 147 3488 Sol
171 3434 271 3490 autem
294 3432 339 3489 est
361 3429 447 3507 quasi
469 3430 579 3506 pilleus
601 3429 792 3503 firmamenti,
826 3429 878 3504 qui
906 3427 987 3488 omni
1014 3428 1110 3486 firma·

92 3522 196 3579 mento
221 3521 316 3594 [sunt]
342 3521 374 3578 et
395 3524 490 3581 terrae
514 3522 545 3582 et
568 3521 655 3602 aquis
677 3521 806 3604 apparet
829 3523 862 3581 et
884 3519 1022 3580 calorem
1039 3532 1141 3572 suum
