2460 3862
171 131 233 191 212
556 125 802 182 HILDEGARDIS

169 311 239 372 huic
262 313 380 373 arvinae
399 313 599 372 intermisceat
628 331 661 371 ae
684 331 717 370 ex
739 310 785 370 his
809 311 864 370 hoe
886 312 974 371 modo
998 314 1188 388 unguent-um

170 401 260 459 faciat
292 405 322 461 et
355 403 391 460 de
417 401 473 461 hoe
504 403 535 461 in
567 419 631 460 asso
662 401 766 460 balneo
796 419 826 460 se
853 399 983 477 perungi
1021 399 1125 460 iubeat
1159 406 1188 460 et

170 489 274 549 deinde
300 491 331 549 in
358 492 468 550 lectum
496 510 526 550 se
553 491 688 554 collocet.
732 489 772 548 Et
798 491 840 550 sie
867 509 962 566 usque
986 490 1024 549 ad
1047 490 1188 565 quintum

170 578 248 638 diem
270 581 318 639 vel
342 580 379 639 ad
401 582 502 657 plures
526 581 588 639 dies
611 580 709 642 faciat.
745 577 820 637 (lum
843 579 921 637 enim
944 579 1026 638 calor
1049 581 1188 639 stercoris

143 667 364 728 5hirundinum
387 675 418 730 et
439 670 589 747 frigiditas
606 670 710 745 lappae
727 687 795 727 eum
811 670 907 728 calore
922 669 1042 728 arvinae
1059 668 1187 728 ciconiae

170 760 200 815 et
231 777 299 817 cum
330 759 497 836 frigiditate
530 761 647 818 arvinae
680 758 810 818 vulturis
843 761 873 816 et
905 757 1002 817 calore
1032 758 1187 833 sulphuris

169 848 385 924 temperantur,
422 849 595 924 putredines
635 847 733 922 leprae
768 846 858 905 huius
892 847 1005 922 aufert,
1046 848 1188 923 quoniam

168 939 281 996 stereus
304 937 498 997 hirundinum
521 957 568 996 eas
591 936 740 1012 dissolvit,
764 935 864 1011 pulvis
887 940 987 994 autem
1003 935 1188 1012 filiantropcs

168 1044 216 1084 eas
238 1027 446 1102 transmordet,
470 1029 572 1086 arvina
594 1045 665 1085 vero
689 1026 816 1085 ciconiae
841 1028 871 1083 et
885 1025 1015 1085 vulturis
1030 1029 1063 1083 et
1079 1026 1185 1084 amari·

126 1120 153 1165 10
166 1114 239 1175 tudo
263 1116 414 1191 sulphuris
430 1135 477 1175 eas
500 1114 667 1175 extrahunt.
696 1115 736 1173 ct
757 1114 918 1187 sanabitur,
941 1115 999 1173 nisi
1021 1114 1097 1174 deus
1120 1135 1186 1175 eum

168 1205 265 1262 sanari
287 1205 375 1267 nolit.

232 1295 310 1353 Itene
337 1295 373 1353 de
401 1295 493 1368 lepra.
548 1287 575 1376 ¹)
587 1293 699 1366 Homo,
731 1292 784 1369 qui
817 1292 853 1351 de
886 1289 1042 1352 iracundia
1074 1294 1186 1369 lepram

167 1383 325 1456 contrahit,
354 1383 444 1442 vadat
466 1384 497 1441 in
519 1385 632 1458 locum,
661 1381 714 1440 ubi
737 1382 857 1458 sanguis
880 1381 1014 1441 modicus
1038 1401 1185 1459 equorum

165 1471 197 1529 in
220 1477 330 1531 terram
353 1473 470 1548 defluit,
503 1491 571 1532 cum
593 1472 713 1548 sanguis
741 1489 844 1530 eorum
872 1472 903 1530 in
930 1490 1005 1530 vena
1028 1472 1184 1542 minuitur,

126 1566 153 1612 15
166 1565 196 1619 et
224 1562 278 1620 uhi
307 1562 418 1620 munda
446 1563 584 1620 animalia
607 1560 796 1635 occiduntur,
827 1563 857 1619 et
879 1561 977 1635 ipsum
1009 1563 1184 1638 sanguinem

165 1668 233 1709 cum
256 1654 336 1709 terra
351 1651 454 1710 eodem
469 1651 612 1727 sanguine
628 1651 739 1709 infecta
752 1650 848 1710 tollat.
881 1649 992 1708 Deinde
1008 1651 1183 1725 sanguinem

164 1738 256 1797 istum
271 1758 340 1798 cum
354 1743 444 1815 terra,
460 1759 550 1815 super
566 1759 656 1816 quam
673 1740 835 1814 effluxerat,
859 1739 988 1796 mixtum
1004 1738 1035 1796 in
1053 1740 1182 1799 caldarie

165 1846 233 1886 cum
256 1848 334 1904 aqua
356 1830 469 1889 fervere
492 1830 582 1888 faciat
605 1832 635 1887 et
658 1829 699 1887 sic
724 1829 860 1887 balneum
883 1826 939 1886 sihi
953 1833 1119 1903 praeparet,
1143 1829 1184 1887 ita

165 1921 264 1975 tamen
286 1937 322 1976 ne
345 1921 429 1977 tanta
452 1919 491 1978 sit
514 1938 600 1995 aqna,
624 1917 705 1994 quod
728 1917 867 1993 sanguini
890 1916 935 1975 illi
957 1917 1037 1976 vires
1061 1918 1182 1992 auferat,

122 2013 152 2058 ω
165 2005 216 2064 sed
238 2010 274 2064 ut
296 2007 452 2084 situsque
476 2007 513 2066 ad
535 2011 644 2084 guttur
666 2025 767 2078 suum3
791 2009 821 2065 et
843 2007 886 2064 ita
908 2007 940 2064 in
955 2005 1061 2065 balneo
1076 2006 1181 2066 sedeat.

164 2093 221 2153 Sed
252 2099 283 2154 et
314 2095 350 2154 de
384 2098 487 2157 eodem
513 2098 656 2173 sanguine
688 2098 718 2154 et
752 2094 787 2153 de
819 2095 921 2154 eadem
952 2096 1034 2152 terra
1066 2096 1181 2155 modice

165 2185 287 2244 saccello
319 2186 476 2259 immittat,
515 2187 597 2261 quod
627 2186 659 2243 in
689 2185 793 2243 faciem
825 2202 910 2243 suem
941 2186 1047 2258 ponat,
1081 2185 1107 2244 si
1141 2184 1181 2243 ibi

164 2273 254 2336 dolel.
300 2274 358 2344 Qui
381 2294 449 2335 cum
471 2275 507 2334 de
530 2274 635 2334 balneo
659 2273 777 2349 exierit,
807 2273 839 2331 in
866 2274 977 2332 lectum
1004 2290 1036 2332 se
1059 2273 1181 2334 reclinet

165 2367 254 2439 atque
278 2364 404 2423 eundem
427 2365 583 2424 saccellum
606 2382 675 2422 cum
697 2362 850 2440 praedicto
874 2362 1017 2440 sanguine
1048 2366 1079 2422 et
1100 2366 1180 2422 tarra

121 2458 151 2505 25
164 2471 254 2529 super
285 2472 336 2512 cor
373 2472 462 2513 suum
493 2458 598 2530 ponat,
633 2473 669 2512 ne
701 2452 874 2511 debilitetur
905 2457 936 2511 et
972 2455 1008 2510 ut
1042 2453 1178 2513 nocivum

163 2543 336 2619 sangninem
359 2544 487 2603 acarde
510 2561 564 2602 sue
588 2543 725 2618 depellat.
760 2541 799 2599 Et
821 2541 863 2600 sie
885 2543 992 2617 quater
1018 2542 1069 2600 vel
1099 2541 1177 2618 quin·

164 2631 249 2706 quies
271 2634 319 2691 vel
342 2632 470 2709 amplius
494 2632 589 2694 faeiat.
620 2631 695 2690 Nam
719 2631 800 2689 calor
822 2630 975 2708 sanguinis
997 2629 1090 2690 huius
1113 2650 1176 2691 cnm

163 2723 395 2796 temperamento
419 2726 515 2781 terrae
538 2721 594 2780 hoe
616 2721 759 2798 sanguine
782 2719 906 2779 infectae
929 2720 1030 2793 leprae
1059 2720 1175 2789 resistit,

163 2810 247 2868 velut
277 2810 414 2870 inimicus
445 2811 598 2870 inimicum
631 2811 764 2886 superat;
802 2807 875 2868 haec
911 2811 1009 2867 autem
1046 2809 1175 2869 difficilia

121 2903 150 2948 ³⁰
164 2897 278 2956 homini
305 2899 459 2967 videntur,
491 2900 632 2976 quoniam
662 2902 770 2957 natura
800 2897 927 2957 hominis
958 2901 1085 2958 naturae
1117 2899 1173 2957 ani·

164 2988 288 3045 melium
311 2989 457 3048 contraria
480 2991 532 3065 est,
555 2993 585 3048 et
607 2989 687 3065 quod
709 2988 797 3047 hemo
814 2988 988 3064 sanguinem
1003 2989 1173 3047 animalium

163 3076 325 3135 abhorrret.
371 3078 410 3137 ct
441 3079 529 3138 homo
552 3079 607 3138 iste
631 3077 793 3149 sanabitur,
817 3082 870 3136 aut
893 3078 965 3135 deus
989 3095 1059 3136 eum
1082 3077 1173 3138 sanari

162 3185 220 3225 non
242 3166 316 3229 vult.

224 3256 270 3315 De
291 3257 528 3317 incontinentiae
550 3257 644 3330 lepra.
691 3249 719 3337 2)
730 3255 762 3315 Si
789 3254 877 3314 homo
909 3255 945 3315 de
972 3255 1097 3316 libidine
1124 3260 1171 3314 ant

232 3464 251 3526 11
265 3483 292 3518 v.
309 3465 412 3519 12-27
424 3487 456 3513 =
466 3463 563 3535 Migne
579 3463 647 3518 1319
662 3462 792 3517 e-1320
805 3464 839 3517 A.
853 3494 888 3504 -
901 3463 924 3534 2)
938 3482 962 3518 v.
977 3463 1166 3535 34—p.213,21

150 3558 185 3584 .-.
202 3535 303 3607 Migne
322 3536 393 3592 1176
412 3535 543 3591 D-nu
565 3535 598 3589 A.
