2460 3862
133 120 173 179 74
337 149 347 169 .
520 114 764 170 HILDEGARDIS

132 299 169 358 ad
195 299 318 359 feminas
341 299 438 358 sobrie
463 298 603 358 deberent
625 298 746 373 habere,
773 301 910 357 tortuosa
934 301 1025 375 atque
1050 299 1154 359 odiosa

133 391 163 447 et
187 389 342 447 mortifera
363 391 408 447 eet
430 387 514 447 velut
533 388 707 463 rapidorum
721 387 872 463 luporum.
904 386 1033 457 Quidam
1049 391 1151 448 autem

132 496 167 536 ex
190 477 256 536 istis
278 480 402 553 propter
423 476 515 536 fortes
537 494 625 536 venas
649 480 679 535 et
701 479 824 552 propter
846 476 1011 535 medullam
1027 477 1152 537 fortiter

131 566 162 624 in
185 585 215 625 se
238 566 388 625 ardentem
410 566 537 624 libenter
560 584 628 624 cum
655 565 772 624 feminis
794 565 956 624 secundum
984 566 1152 625 humanam

103 658 271 713 enatarem
293 659 372 727 sunt,
394 654 444 714 sed
466 658 566 714 tamen
588 673 636 713 eas
658 655 728 713 odio
744 654 862 716 habent.
892 654 1021 725 Quidam
1047 659 1150 715 autem

131 745 292 803 femineum
315 765 417 805 sexum
440 744 572 804 devitare
595 746 728 820 possunt,
753 744 824 819 quia
846 744 971 803 feminas
994 763 1056 804 non
1080 745 1148 804 dili·

130 837 207 910 gunt
233 853 286 893 nec
313 853 361 892 eas
391 833 497 892 habere
529 833 648 905 volunt,
680 833 730 893 sed
763 833 794 890 in
827 833 965 892 cordibus
994 833 1058 892 suis
1087 837 1149 893 tam

130 941 210 982 acres
226 926 297 982 sunt
312 927 348 981 ut
367 924 474 993 leones,
498 925 528 981 et
551 940 648 981 mores
670 941 811 981 ursorum
826 921 949 993 habent;
973 921 1025 982 sed
1049 926 1148 982 tamen

129 1012 219 1070 utiles
252 1015 281 1070 et
310 1012 471 1088 prudentes
502 1015 573 1070 sunt
604 1012 636 1069 in
668 1011 808 1087 operibus
842 1031 987 1070 manuum
1025 1030 1149 1070 suarum

90 1109 117 1155 10
131 1104 221 1177 atque
243 1101 371 1160 libenter
387 1104 556 1176 operantur.
593 1099 708 1160 Ventus
733 1104 833 1158 autem
856 1100 1069 1174 delectationis,
1096 1101 1148 1178 qui

130 1190 162 1247 in
184 1190 244 1249 duo
267 1190 458 1249 tabernacula
481 1189 701 1265 praedictorum
718 1190 853 1248 virorum
869 1189 956 1264 cadit,
980 1191 1067 1248 tanta
1091 1191 1146 1248 im·

130 1279 332 1338 moderatione
355 1282 468 1339 ettam
491 1279 646 1354 repentino
670 1281 756 1337 motu
778 1279 867 1354 venit,
892 1279 1148 1354 quemadmodum

129 1371 250 1439 ventus,
282 1369 335 1444 qui
356 1371 451 1426 totam
476 1368 597 1426 domum
625 1370 745 1444 repente
774 1372 804 1426 et
826 1368 946 1427 fortiter
968 1371 1086 1444 movet,
1120 1372 1151 1427 et

129 1457 253 1533 stirpem
269 1457 300 1514 in
315 1460 399 1515 tanta
421 1457 580 1532 tyrannide
595 1457 693 1534 erigit,
717 1457 798 1533 quod
822 1457 923 1515 eadem
949 1457 1049 1532 stirps,
1073 1476 1149 1533 quae

89 1556 115 1600 15
129 1546 160 1604 in
198 1546 302 1605 florem
339 1547 444 1605 florere
482 1546 625 1621 debebat,
662 1546 694 1604 in
732 1546 921 1604 acerbitatem
958 1547 1149 1622 vipereorum

128 1654 244 1694 morum
260 1654 290 1694 se
305 1637 460 1711 intorquet
476 1638 506 1694 et
520 1635 551 1692 in
567 1635 741 1694 huiusmodi
756 1635 872 1693 malitia
887 1636 970 1695 velut
993 1635 1150 1694 mortifera

128 1728 157 1782 et
180 1724 313 1783 occidens
335 1721 440 1800 vipera
468 1725 500 1782 in
526 1725 667 1801 progenie
696 1743 750 1783 sua
772 1724 918 1782 malitiam
941 1723 1045 1799 habet,
1079 1725 1151 1801 quia

127 1813 279 1888 suggestio
307 1813 420 1873 diaboli
449 1813 481 1872 in
512 1814 636 1874 libidine
666 1814 801 1872 virorum
832 1814 961 1871 istorum
992 1813 1037 1871 ita
1066 1814 1150 1889 furit,

127 1906 170 1976 ut,
194 1902 219 1960 si
241 1905 373 1977 possent,
396 1903 536 1960 feminam
559 1903 592 1961 in
615 1903 822 1962 coniunctione
849 1902 903 1961 hac
925 1901 1149 1974 mortificarent,

86 1999 114 2044 20
130 1991 270 2067 quoniam
297 1992 380 2050 nulla
407 2011 496 2068 opera
526 1992 658 2051 caritatis
681 1995 711 2050 et
734 1992 925 2067 amplexionis
948 1991 979 2048 in
1002 1990 1046 2050 eis
1070 1996 1148 2051 sunt

126 2078 211 2138 Unde
232 2080 288 2138 filii
311 2085 363 2138 aut
385 2080 471 2156 filiae,
496 2100 571 2157 quos
595 2081 637 2140 sic
660 2080 695 2140 de
717 2099 747 2140 se
762 2080 942 2157 producunt,
966 2080 1149 2140 multotiens

126 2168 301 2228 diabolicam
328 2170 471 2228 insaniam
497 2171 529 2228 in
555 2170 639 2229 vitiis
666 2174 696 2229 et
723 2171 754 2228 in
782 2170 915 2229 moribus
937 2169 999 2229 suis
1022 2169 1146 2241 habent,

126 2259 267 2334 quoniam
298 2259 409 2334 absque
441 2260 565 2319 caritate
579 2296 581 2300 ν
594 2259 692 2318 emissi
723 2263 802 2318 sunt.
847 2257 924 2317 Nam
953 2258 1008 2335 qui
1038 2258 1075 2318 de
1099 2258 1146 2318 his

125 2351 295 2419 nascuntur,
310 2366 396 2423 saepe
411 2348 542 2407 infelices
558 2351 646 2407 erunt
662 2353 692 2407 et
708 2348 837 2407 tortuosi
852 2348 884 2406 in
899 2347 1037 2407 omnibus
1055 2349 1146 2407 mori·

84 2448 111 2492 ‘25
126 2436 180 2496 bus
195 2438 265 2512 suiS,
289 2441 319 2495 et
340 2437 407 2496 ideo
423 2437 459 2495 ab
476 2437 646 2496 hominibus
662 2438 755 2495 amari
770 2457 828 2496 non
843 2439 978 2513 possunt,
1001 2455 1057 2496 nec
1080 2437 1142 2514 ipsi

125 2527 305 2586 mansionem
343 2546 411 2586 cum
450 2525 619 2585 hominibus
656 2527 783 2585 libenter
823 2527 949 2600 habent,
997 2527 1142 2601 quoniam

125 2616 228 2674 multis
251 2616 477 2675 fantasmatibus
497 2615 672 2692 fatigantur.
700 2614 732 2674 si
754 2618 855 2674 autem
878 2634 946 2674 cum
968 2614 1144 2675 hominibus

125 2709 255 2776 manent,
289 2705 358 2764 odio
389 2708 419 2763 et
446 2704 560 2764 invidia
594 2707 624 2763 et
653 2705 798 2780 perversis
830 2704 962 2764 moribus
995 2722 1066 2762 cum
1099 2705 1143 2764 eis

126 2796 204 2868 sunt,
229 2797 258 2852 et
281 2794 398 2852 nullum
422 2793 567 2871 gaudium
589 2813 658 2852 cum
681 2794 722 2853 eis
745 2793 863 2853 habent.
900 2792 1027 2862 Quidam
1044 2797 1145 2853 tamen

85 2892 113 2937 30
127 2901 161 2939 ex
184 2881 231 2941 his
252 2883 316 2940 nati
339 2883 500 2958 prudentes
523 2886 553 2941 et
575 2883 664 2943 utiles
686 2883 837 2941 interdum
859 2883 945 2957 fiunt,
968 2881 1020 2940 sed
1042 2887 1145 2942 tamen

126 2971 156 3028 in
173 2971 274 3030 eadem
290 2972 499 3030 utilitatatem
515 2991 619 3048 graves
636 2976 666 3031 et
685 2973 848 3032 contrarios
860 2989 957 3030 mores
976 2972 1146 3043 ostendunt,

127 3060 207 3136 quod
223 3060 291 3119 inde
306 3080 360 3119 nec
382 3061 470 3137 diligi
493 3080 546 3120 nec
570 3061 710 3120 honorari
733 3063 867 3137 possunt,
890 3061 975 3119 velut
998 3060 1146 3137 ignobiles

126 3150 251 3225 lapides
285 3151 339 3226 qui
370 3151 433 3209 sine
469 3151 565 3209 nitore
599 3151 706 3226 iacent,
739 3151 825 3227 quasi
858 3149 981 3208 extincti
1013 3149 1084 3226 sint,
1116 3152 1146 3209 et

125 3240 179 3316 qui
194 3240 272 3298 inter
287 3240 415 3298 nitentes
429 3239 543 3316 lapides
557 3259 616 3300 non
632 3240 810 3316 diliguntur,
827 3238 969 3316 quoniam
983 3239 1145 3315 pulchrum

84 3340 112 3384 35
127 3330 256 3388 nitorem
279 3349 337 3388 non
359 3329 478 3389 liabent.

195 3420 242 3478 Dc
263 3419 446 3494 dogmaticis
492 3416 549 3476 Sed
572 3420 602 3476 et
624 3418 676 3476 alii
698 3418 823 3477 masculi
846 3420 929 3493 sunt,
954 3417 1009 3493 qui
1030 3418 1145 3495 pingue

128 3510 283 3568 cerebrum
315 3511 345 3567 et
374 3508 477 3567 album
508 3510 538 3567 et
569 3511 680 3567 siccum
708 3508 831 3583 babent,
863 3507 907 3565 ita
938 3507 1020 3585 quod
1054 3507 1145 3567 etiam
