2460 3862
129 129 192 190 130
515 121 760 178 HILDEGARDIS

128 309 249 386 guinem
271 307 309 365 ad
331 327 434 367 venam
458 309 574 382 minuit,
598 306 748 366 interdum
772 310 877 378 cessat,
905 308 949 366 ita
973 312 1003 366 et
1026 307 1084 366 iste
1105 308 1142 366 fa·

129 399 196 472 ciat,
228 398 280 473 qui
313 400 464 456 cocturam
496 402 591 472 parat.
637 397 675 456 Et
710 417 778 456 cum
810 397 998 473 aliquantum
1028 400 1143 472 tempus

122 487 159 553 in
183 487 229 544 die
252 486 416 561 cessaverit,
440 488 549 545 iterum
573 505 603 545 se
626 490 744 561 coquat.
790 485 849 555 Qui
872 488 973 545 autem
995 490 1142 553 cocturam

129 576 208 650 facit,
231 595 361 650 pannum
382 576 419 633 de
434 577 544 635 cenabo
561 579 659 634 sumat
674 578 704 634 et
720 595 788 634 eum
804 575 852 635 vel
867 578 913 634 ter
928 574 976 634 vel
991 578 1100 650 quater
1113 576 1141 632 in

102 675 194 723 scere
217 665 345 741 intingat
369 668 398 723 et
421 683 510 740 super
532 665 672 724 corticem
696 665 731 722 de
754 665 832 723 ulice
855 667 955 740 ponat,
980 665 1054 740 quia
1077 683 1140 723 cum

129 772 195 813 cera
205 772 294 828 super
306 758 456 812 cocturam
469 754 586 812 fortiter
597 754 681 828 iacet,
700 757 729 812 et
741 757 877 813 cocturae
892 757 1086 830 superponat,
1101 755 1139 812 ita

129 841 210 918 quod
222 844 301 901 omni
312 848 396 917 parte
408 862 521 917 pannus
537 844 587 901 ille
604 844 742 902 corticem
758 842 887 903 excedat.
915 843 953 901 Et
971 843 1014 902 sic
1030 859 1139 919 pannus

127 932 178 990 ille
201 933 342 991 foetorem
366 935 502 990 cocturae
525 933 663 1003 continet,
687 952 722 990 ne
742 931 892 1007 procedat.
931 929 1008 989 Nam
1033 934 1138 1007 quanto

128 1022 197 1096 plus
220 1022 315 1080 foetor
337 1022 368 1078 in
391 1024 512 1079 coctura
539 1023 719 1095 continetur,
742 1041 779 1079 ne
804 1022 934 1080 multum
957 1021 1137 1094 extendatur,

88 1119 116 1164 10
128 1114 212 1169 tanto
228 1112 296 1186 plus
319 1110 396 1169 livor
416 1111 580 1169 extrahitur
600 1114 630 1169 et
645 1130 704 1168 non
720 1110 848 1186 sanguis.
882 1109 914 1167 Si
930 1113 1032 1168 autem
1048 1110 1138 1168 foetor

128 1202 265 1258 cocturae
276 1198 453 1269 extenditur,
470 1200 512 1258 ita
529 1200 608 1275 quod
626 1219 684 1259 ηοη
701 1200 878 1270 continetur,
894 1201 967 1257 tuno
979 1202 1065 1258 tanto
1077 1198 1137 1274 plus

128 1289 278 1364 sanguinis
301 1287 336 1346 de
360 1292 480 1347 coctura
503 1289 655 1365 egreditur
676 1293 706 1346 et
726 1292 809 1347 tanto
829 1289 897 1363 plus
917 1287 996 1346 livor
1020 1288 1137 1348 interius

127 1380 234 1437 manet.
268 1378 307 1435 Et
330 1382 427 1436 cortex
450 1377 485 1436 de
504 1396 596 1453 cupro
617 1397 706 1453 super
722 1381 872 1436 cocturam
892 1395 949 1436 non
966 1377 1058 1448 valet,
1076 1376 1138 1452 quia

128 1485 232 1526 succus
260 1467 345 1542 cupri
372 1467 535 1526 contrarius
563 1471 608 1526 est
639 1467 720 1526 carni
750 1466 885 1526 hominis.
932 1464 991 1525 Sed
1019 1470 1051 1525 et
1078 1484 1138 1525 oum

87 1564 115 1609 15
128 1557 293 1632 panniolus,
318 1557 369 1632 qui
394 1574 483 1631 super
507 1560 656 1615 cocturam
676 1556 806 1632 ponitur,
830 1555 889 1612 iam
912 1556 1019 1630 plenus
1043 1559 1088 1614 est
1107 1554 1137 1612 li·

127 1647 216 1719 voris,
240 1646 283 1702 ite
299 1647 379 1720 quod
395 1646 552 1719 panniolus
568 1646 619 1704 ille
636 1647 671 1705 de
686 1645 779 1703 livore
795 1645 951 1718 concaluit,
966 1646 1041 1703 ωηο
1055 1644 1136 1703 homo

128 1734 300 1808 panniolum
323 1735 410 1792 illum
433 1734 468 1792 de
491 1741 610 1793 coctura
635 1735 749 1792 auferat
777 1739 807 1792 et
835 1734 927 1792 alium
954 1735 1137 1810 superponat,

128 1823 208 1897 quod
235 1823 260 1880 si
287 1826 359 1881 tunc
389 1843 479 1898 super
506 1826 656 1904 cocturam
687 1823 800 1881 diutius
830 1823 965 1897 iacuerit,
996 1822 1139 1891 humores,

128 1911 181 1985 qui
203 1914 275 1969 tunc
297 1912 339 1969 ibi
363 1914 481 1971 attracti
503 1915 580 1987 sunt,
606 1916 749 1971 arescunt.
794 1910 825 1968 Si
849 1915 950 1970 autem
970 1912 1140 1986 panniolum

82 2008 111 2053 η)
128 2000 213 2057 illum
240 2001 408 2075 abstulerit,
440 2005 598 2077 antequam
625 2002 718 2060 livore
746 2001 914 2075 incaluerit,
946 2019 1017 2058 eum
1046 2001 1139 2073 laedit,

129 2089 200 2164 quia
221 2090 309 2163 livor,
342 2092 393 2165 qui
418 2109 449 2148 se
472 2091 545 2148 illuc
573 2093 817 2167 congregaverat,
850 2090 881 2148 in
913 2107 1034 2148 carnem
1061 2089 1140 2152 redit.

194 2178 239 2237 De
277 2181 467 2239 concreatione.
529 2178 585 2237 Sed
623 2179 873 2255 quemadmodum
910 2180 992 2237 terra
1031 2197 1140 2256 semper

121 2267 251 2335 ¹humida
275 2271 318 2327 est
342 2272 371 2326 et
394 2274 429 2328 ut
452 2269 548 2326 multa
571 2268 681 2327 foetida
696 2274 726 2327 et
740 2272 776 2327 ut
794 2269 889 2327 multa
903 2268 1026 2326 inutilia
1042 2269 1079 2328 de
1093 2267 1141 2326 illa

129 2357 279 2427 exsudant,
304 2358 346 2416 sic
369 2359 459 2416 etiam
482 2357 570 2417 homo
586 2358 616 2414 in
640 2376 725 2416 carue
748 2375 802 2415 sua
824 2357 965 2416 humidus
993 2376 1038 2432 ea,
1070 2374 1140 2434 qnae

87 2454 115 2500 25
128 2445 240 2505 foetida
272 2452 301 2504 et
328 2446 450 2522 putrida
473 2447 591 2521 inipso
615 2450 692 2519 sunt,
724 2465 777 2520 per
809 2446 1025 2506 excreationem
1057 2448 1093 2506 de
1114 2464 1141 2505 se

127 2536 203 2605 eicit,
228 2536 308 2610 quod
333 2537 461 2594 delimo
485 2541 581 2595 terrae
606 2539 657 2598 est.
702 2535 741 2592 Et
770 2535 796 2593 si
827 2539 905 2594 terra
934 2535 1061 2595 humida
1087 2554 1141 2595 nen

129 2629 214 2694 esset,
238 2625 344 2684 fertilis
368 2626 398 2683 in
422 2625 569 2684 fructibus
584 2644 643 2682 non
659 2624 812 2683 exsisteret
826 2625 877 2684 sed
893 2623 983 2698 arida,
1006 2626 1051 2683 ita
1066 2623 1141 2702 quod

128 2713 227 2786 homo,
252 2715 276 2770 si
301 2714 508 2773 humiditatem
531 2715 561 2771 in
585 2733 615 2772 se
640 2733 697 2772 non
719 2713 847 2786 haberet,
870 2713 1041 2773 inflexibilis
1062 2719 1091 2774 et
1104 2714 1142 2771 in·

127 2801 298 2861 fructuosus
321 2805 357 2861 ad
381 2823 515 2879 quaeque
539 2822 628 2877 opera
650 2803 735 2863 foret.

86 2898 114 2943 80
195 2893 241 2950 Dc
264 2895 384 2950 ceturae
407 2895 482 2966 cccc.
529 2893 637 2950 Anima
660 2894 758 2950 autem
782 2891 909 2950 hominis
932 2891 1021 2968 ignea
1045 2895 1089 2952 est
1115 2893 1142 2950 et

128 2983 257 3054 quatuor
281 2982 423 3040 elementa
447 2983 482 3040 ad
507 3001 536 3040 se
560 2981 654 3040 trahit
676 2984 706 3039 et
733 2982 764 3038 in
791 2981 848 3039 hoc
875 2981 964 3039 etiam
992 2979 1067 3040 facit
1092 2981 1141 3038 ho·

127 3070 235 3127 minem
259 3070 383 3129 circuire
406 3072 472 3130 visu
496 3075 524 3129 et
547 3070 653 3128 auditu
686 3089 719 3128 ac
751 3069 898 3129 similibus
926 3069 1043 3129 actibus
1073 3070 1141 3130 eius.

126 3158 166 3217 Et
188 3159 286 3216 anima
308 3164 352 3218 est
375 3160 518 3235 quaedam
542 3161 586 3218 vis
610 3161 641 3216 in
664 3160 790 3234 homine,
822 3162 858 3218 ut
887 3158 965 3235 ignis
995 3159 1029 3217 in
1061 3177 1140 3234 aque,

127 3249 207 3324 quod
230 3248 318 3307 homo
343 3250 404 3307 sine
428 3251 525 3307 anima
548 3249 648 3308 vivere
671 3269 729 3307 non
752 3252 865 3324 posset,
894 3251 929 3306 ut
953 3248 1045 3307 etiam
1068 3266 1141 3325 aqua

85 3345 113 3391 ⁸5
126 3339 235 3413 absque
258 3339 325 3414 igne
349 3339 440 3397 fluere
463 3357 521 3397 ηοη
537 3339 657 3409 valeret,
681 3339 706 3397 si
729 3358 795 3396 eum
821 3339 852 3396 in
876 3356 906 3396 se
928 3356 988 3396 non
1010 3339 1138 3397 sentiret

192 3428 237 3486 De
259 3429 363 3486 salica.
403 3427 459 3486 Sed
484 3428 580 3485 anima
611 3428 672 3485 vim
695 3448 793 3502 unam,
817 3428 930 3486 scilicet
951 3427 1085 3498 salivam,
1112 3427 1140 3484 in

126 3515 243 3574 homine
264 3516 299 3575 de
320 3535 398 3598 aqua
417 3518 517 3594 sumit,
541 3536 609 3575 cum
625 3536 702 3591 aqua
718 3517 949 3575 rationalitatem
965 3515 1003 3574 ad
1017 3516 1138 3593 loquen-
