2438 3854
113 133 180 192 204
505 123 752 181 HILDEGARDIS

112 329 170 370 nus
197 310 403 386 mollificetur,
431 314 468 370 ut
489 330 543 388 per
566 329 596 370 se
619 314 789 387 rumpatur,
819 310 967 386 qnoniam
991 311 1122 389 ffigiditas

113 407 144 460 at
166 418 273 459 succus
295 400 481 460 cardinales
503 396 669 476 periculose
691 418 750 459 non
772 404 851 475 eunt,
875 399 929 460 sed
955 420 1025 460 cnm
1040 402 1122 461 calore

113 489 228 549 similae
253 489 397 549 duritiam
419 490 501 548 illam
530 489 650 549 mollem
673 489 811 549 reddunt.
858 488 952 559 Quod
980 490 1006 550 01
1031 510 1081 566 per
1099 509 1122 550 se

113 582 205 655 rupte
240 597 297 638 non
334 579 440 654 fuerit,
475 598 543 638 cum
577 579 661 637 arida
694 581 724 638 et
755 579 855 656 lignea
882 579 974 655 spina
1002 598 1054 639 sen
1078 581 1124 638 alia

85 667 197 727 eurida
221 669 319 728 astula
343 667 504 744 dirumpat
528 686 587 727 non
610 671 710 727 autem
733 669 796 727 ullo
818 668 917 745 ignito
949 669 1000 728 vel
1028 669 1123 747 frigido

114 759 194 816 ferro
226 761 280 817 aut
311 777 374 829 acu,
409 758 551 834 quoniam
573 757 696 833 pustula
718 761 749 818 et
770 760 873 816 tumor
904 757 961 815 ille
985 758 1126 818 materian
1167 744 1169 771 '

113 847 232 923 igneam
262 851 292 906 01
325 847 467 924 frigidam
502 846 733 922 exhorresceret,
773 847 817 905 110
848 845 931 922 quod
971 848 1125 924 pericnlum

115 936 201 996 facile
233 937 475 1012 subsequeretur.
520 935 577 994 Sed
611 936 730 994 interim
759 936 832 995 dum
863 935 955 995 homo
990 941 1125 997 tumorem
1167 954 1169 977 ³

114 1026 255 1102 pustulae
282 1025 372 1085 huius
400 1025 523 1102 patitur,
552 1025 589 1084 ab
620 1025 689 1101 igne
711 1029 741 1084 01
764 1045 782 1084 0
804 1025 918 1102 frigore
943 1031 978 1085 et
1004 1046 1022 1085 a
1047 1033 1124 1087 vento

75 1125 102 1169 10
116 1118 145 1173 et
180 1114 216 1173 ab
247 1114 370 1173 humido
403 1133 468 1173 uere
491 1133 521 1173 se
551 1114 675 1187 muniat,
707 1118 798 1191 utque
820 1114 857 1172 ab
882 1115 968 1173 omni
991 1117 1083 1176 calido
1102 1119 1126 1174 et

115 1222 179 1263 asso
202 1205 232 1262 et
255 1221 357 1281 grosso
381 1203 447 1263 cibo
471 1206 502 1262 et
524 1223 541 1260 a
562 1204 633 1262 rinc
656 1222 686 1262 se
713 1204 861 1263 abstineat
884 1206 915 1263 at
939 1205 1036 1264 cruda
1058 1205 1124 1264 clera

117 1295 146 1351 01
168 1292 262 1352 cruda
283 1311 372 1369 poma
396 1292 516 1366 devitet,
541 1293 622 1368 quod
646 1294 743 1351 omnia
765 1295 870 1352 noxios
892 1292 1041 1354 humores
1055 1295 1123 1353 inec

117 1384 260 1459 augerent
292 1385 322 1440 et
356 1381 559 1458 accenderent,
598 1381 648 1440 sed
687 1381 874 1441 solummodo
907 1383 1073 1458 pulchrum
1101 1385 1125 1441 et

116 1472 270 1530 triticeum
291 1491 396 1547 panem
419 1472 449 1529 in
474 1490 551 1546 equa
574 1471 708 1530 comedat
735 1474 765 1530 et
794 1490 904 1547 aquam
936 1471 1031 1550 bibat,
1062 1491 1122 1549 quc·

77 1573 104 1616 15
117 1561 197 1619 niam
220 1561 272 1619 1110
294 1564 428 1636 tempore
450 1559 545 1619 eidem
567 1560 682 1618 homini
702 1563 826 1637 propter
858 1562 1044 1621 suavitatem
1071 1562 1124 1621 eins

118 1650 319 1725 periculosum
350 1669 408 1708 non
441 1651 494 1711 001.
540 1648 674 1719 Quodsi
697 1649 887 1709 idemhomc
912 1649 1060 1711 delicatus
1081 1653 1124 1724 est,

119 1757 186 1796 cum
208 1758 286 1814 puro
315 1739 419 1799 vitello
443 1738 492 1798 ovi
519 1738 683 1814 simplicem
714 1739 936 1798 sobriunculam
971 1741 1009 1799 de
1040 1741 1125 1798 farina

118 1827 233 1886 similae
255 1827 365 1904 absque
388 1828 531 1905 sagimine
554 1832 584 1887 01
606 1827 716 1904 absque
739 1847 823 1888 caseo
845 1827 938 1888 faciat
961 1832 993 1888 01
1015 1829 1123 1906 infrigi·

119 1916 218 1975 datam
245 1917 411 1977 manducet.
458 1916 539 1976 Haec
569 1921 670 1978 autam
692 1920 754 1975 tem
789 1917 841 1976 diu
876 1917 1026 1995 observet,
1062 1918 1125 1977 dun

77 2005 251 2064 recolerem
273 2007 361 2064 illum
383 2006 556 2083 mitigatum
578 2025 703 2066 cessasse
726 2006 843 2066 viderit
887 2006 1005 2066 Vinum
1035 2010 1125 2066 autem

118 2095 238 2153 interim
260 2095 377 2170 vitabit,
402 2095 543 2172 quoniam
566 2114 654 2156 venas
677 2096 740 2156 eius
763 2095 901 2171 impleret
924 2100 956 2154 et
972 2097 1017 2156 ita
1032 2100 1122 2156 tumo-

118 2203 180 2243 rem
203 2185 289 2242 itlnm
314 2185 507 2244 intumescere
530 2185 647 2244 faceret.
693 2185 809 2245 Oelidcs
833 2203 955 2261 qnoque
980 2186 1063 2246 cibos
1076 2205 1127 2244 non

118 2274 260 2345 comedat,
294 2275 374 2350 quod
406 2274 453 2331 illi
481 2273 576 2333 calore
599 2293 653 2333 suo
675 2274 814 2333 humores
844 2278 1073 2350 commoverent,
1103 2280 1128 2333 01

117 2364 161 2422 110
184 2367 286 2422 tumor
309 2364 361 2422 1110
384 2366 637 2440 augmentaretur.

76 2463 105 2508 rs
188 2447 211 2531 1)
220 2454 331 2513 Contra
354 2469 497 2512 caunum
519 2456 546 2512 01
567 2453 608 2512 ad
630 2452 776 2531 quaelibet
789 2453 928 2512 clccrcet
942 2457 987 2514 001
1002 2454 1127 2514 dolorm

118 2545 234 2616 capitis.
281 2542 391 2618 Accipe
414 2542 508 2600 violas
531 2545 561 2600 et
584 2560 704 2601 succum
727 2560 828 2601 earum
851 2541 985 2616 exprime
1010 2561 1126 2603 acaum

117 2650 170 2707 per
205 2652 337 2708 pennum
375 2631 439 2691 cola
478 2633 508 2689 01
544 2632 580 2690 ad
618 2631 738 2690 tertiam
777 2633 893 2706 partem
927 2633 1011 2690 succi
1044 2632 1129 2691 huius

118 2720 216 2780 oleum
239 2722 335 2781 olivae
357 2739 449 2797 pansa
472 2723 501 2779 01
524 2720 627 2780 deinde
649 2720 686 2779 ad
711 2720 909 2796 quantitatem
931 2722 1015 2780 succi
1036 2722 1128 2781 violae

117 2809 264 2868 hircinum
291 2829 395 2885 sepum
422 2811 554 2885 pondera
582 2812 612 2868 et
637 2810 709 2868 haec
731 2809 820 2867 simul
848 2809 879 2867 in
903 2808 963 2867 clla
986 2830 1065 2869 nova
1086 2810 1129 2868 fac

77 2907 105 2952 30
118 2899 239 2974 fervere,
263 2903 293 2959 et
315 2900 356 2959 010
378 2903 566 2976 unguentum
581 2899 624 2962 fit.
669 2899 752 2958 Tunc
773 2899 875 2957 locum
902 2900 1051 2974 corporiS,
1080 2898 1128 2958 ubi

118 3006 220 3047 cancer
251 2992 304 3046 aut
335 2988 386 3046 alii
413 3007 527 3048 vermes
556 2988 704 3047 hominem
732 2987 902 3062 comedunt,
936 2987 1128 3065 circumunge

118 3080 148 3136 01
170 3077 259 3136 etiam
282 3077 408 3153 desuper
431 3097 524 3154 unge;
547 3081 577 3136 01
599 3078 772 3153 morientur,
796 3096 864 3136 cum
880 3076 916 3135 de
933 3095 967 3135 ec
990 3081 1127 3155 gustave-

118 3167 189 3228 rint.
234 3165 290 3224 Sed
313 3170 343 3225 01
366 3166 424 3223 alia
451 3167 560 3242 ulcera,
583 3167 635 3225 ubi
650 3167 737 3225 horno
755 3167 843 3242 dolet,
866 3166 1018 3242 cumipse
1033 3187 1128 3244 ungu·

118 3260 185 3315 ento
198 3275 338 3332 perunge,
351 3255 417 3314 0101
430 3255 497 3330 quis
509 3256 540 3314 in
555 3257 651 3332 capite
663 3256 752 3328 dolet,
764 3256 894 3315 frontem
906 3255 970 3315 eius
986 3257 1019 3316 in
1030 3259 1122 3315 trans·

77 3355 104 3399 ss
118 3364 236 3405 versum
260 3365 328 3405 curu
351 3363 385 3404 ec
409 3364 498 3421 unge.

169 3541 194 3615 ¹)
214 3564 236 3600 v.
260 3546 376 3605 25-33
400 3572 438 3594 .-.
458 3541 566 3616 urgeo
586 3533 720 3593 1000.
