2438 3854
124 130 186 191 156
510 127 754 184 nicaeensius

188 311 233 369 De
255 313 380 370 insania
402 314 430 374 et
456 313 655 386 <amicastu
694 313 733 372 Et
755 313 809 388 ira,
833 334 912 390 quae
936 316 972 374 in
996 316 1071 393 ipsis
1094 320 1139 392 ast,

121 404 219 460 totum
242 400 414 477 sanguinem
438 421 541 461 eorum
564 403 595 460 in
610 403 801 480 sanguineam
824 407 855 463 et
878 404 909 462 in
933 425 1079 484 magnam
1101 408 1139 464 in·

121 489 313 550 undationem
335 509 421 567 saepe
443 495 552 563 movet,
575 495 606 550 et
627 492 669 551 sic
692 492 727 551 de
749 492 949 553 inundatione
973 496 1035 554 ista
1062 496 1141 572 quasi

122 579 243 656 quidam
274 582 376 640 fumus
403 585 433 641 et
459 581 567 640 humor
597 582 749 641 cerebrum
777 600 881 641 ecrmn
909 584 1018 661 tangit
1043 588 1075 644 et
1096 603 1141 645 eos

94 669 247 732 simanira
269 672 353 746 facit,
386 671 429 730 ita
456 671 538 747 quod
565 671 655 729 etism
681 671 835 730 scientiam
860 672 1004 747 ipsorum
1026 674 1140 734 minuit

120 759 160 818 Et
193 777 260 818 cum
292 762 342 821 isti
371 760 530 837 aliquando
560 760 590 818 in
621 761 694 818 iram
724 764 882 818 moventur
904 765 936 821 et
961 763 1141 839 quibusdam

121 850 321 911 saecularibus
353 851 499 928 angustiis
529 854 743 926 aggravantur,
780 849 838 909 hoc
863 849 1008 911 diabolus
1041 853 1140 913 videns

121 939 212 998 etiam
234 941 308 999 flatu
331 940 529 1017 suggestionis
551 957 622 998 suaa
638 958 687 998 eos
701 943 806 1011 tarret;
828 939 908 999 unde
930 941 1043 1014 anima,
1068 962 1140 1019 quaa

120 1029 151 1088 in
180 1030 250 1106 ipsis
284 1033 337 1105 est,
369 1030 497 1105 fatigata
526 1029 693 1088 succumbit
724 1032 755 1086 et
781 1047 812 1087 se
844 1028 1012 1102 subtrahit,
1045 1051 1081 1090 ac
1102 1032 1139 1091 sic

80 1134 108 1180 10
121 1137 227 1195 corpus
251 1120 409 1180 deficiendo
434 1118 513 1176 cadit
536 1123 625 1193 atque
647 1118 691 1177 ita
712 1117 749 1184 in,
767 1117 917 1176 defectum
931 1119 1021 1196 iacet,
1045 1139 1137 1197 usque

120 1208 192 1267 dum
223 1209 320 1267 anima
354 1209 462 1267 iterum
493 1208 652 1283 resumptis
686 1206 800 1266 viribus
827 1209 973 1284 exsurgit.
1018 1209 1061 1269 Et
1083 1210 1137 1283 isti,

120 1299 172 1374 qui
195 1298 251 1357 boc
274 1298 351 1357 malo
380 1299 558 1372 fatigantur,
588 1297 765 1355 iracundum
792 1297 891 1356 visum
918 1301 949 1356 et
978 1299 1090 1358 faciem
1111 1308 1138 1357 et

119 1388 296 1447 iracundum
330 1392 446 1448 motum
476 1386 592 1445 habent.
637 1386 677 1444 Et
708 1406 776 1444 cum
807 1387 839 1444 in
872 1389 986 1445 terram
1021 1389 1137 1458 cadunt,

120 1477 279 1554 aliquando
314 1496 415 1538 vocem
446 1480 528 1535 extra
558 1475 726 1533 naturalem
756 1493 858 1534 vocem
889 1476 1045 1541 emittunt.
1102 1479 1137 1536 lit

79 1584 106 1628 1³
120 1567 176 1627 iste
198 1570 350 1644 praefatus
372 1567 493 1627 morbus
523 1565 620 1624 rarius
649 1564 816 1624 ostenditur
842 1567 873 1622 et
903 1564 1028 1626 difficile
1061 1587 1134 1627 com·

120 1658 199 1733 pasci
222 1661 328 1733 potest.

186 1746 231 1804 De
253 1747 406 1824 epilepsia.
452 1743 509 1804 Sed
537 1743 588 1802 alii
616 1746 686 1802 sunt
715 1742 837 1801 alterius
865 1743 982 1819 generis
1006 1745 1136 1806 eiusdem

119 1833 228 1906 morbi,
252 1835 296 1893 ita
320 1835 400 1910 quod
422 1835 620 1894 inconstantes
644 1835 673 1891 et
695 1832 773 1891 leves
788 1832 819 1890 in
834 1832 968 1892 moribus
984 1835 1049 1893 suis
1069 1839 1136 1894 sunt

119 1924 149 1979 et
171 1921 366 1998 impatientes,
392 1943 520 2000 quorum
544 1922 649 1996 anima,
673 1921 745 1979 dum
766 1921 797 1979 in
818 1921 890 1996 ipsis
904 1939 999 1997 supra
1014 1924 1134 1983 modum

77 2027 106 2072 20
118 2010 165 2069 his
188 2012 321 2071 moribus
344 2013 498 2089 fatigatur,
521 2032 551 2072 se
574 2011 748 2070 multotiens
771 2008 921 2068 subtrahit
943 2013 974 2069 et
999 2031 1132 2072 succum·

119 2100 172 2170 bit,
196 2103 226 2159 et
248 2101 292 2160 ita
315 2120 424 2177 corpus
440 2103 524 2160 velut
538 2099 653 2160 viribus
670 2100 783 2157 animae
798 2100 958 2158 subtractis
974 2101 1008 2159 in
1024 2107 1133 2161 terram

119 2189 199 2249 cadit
215 2209 249 2250 ac
269 2192 312 2250 sic
327 2192 411 2268 quasi
426 2195 580 2250 mortuum
595 2190 679 2264 iacet,
703 2206 798 2264 usque
818 2187 891 2245 dum
910 2189 1025 2248 iterum
1040 2192 1134 2250 anima

118 2281 194 2339 vires
228 2299 296 2340 suas
328 2281 443 2357 recipit.
489 2279 542 2338 Isti
578 2281 678 2337 autem
704 2277 844 2336 blandam
871 2278 978 2336 faciem
1002 2283 1034 2339 et
1057 2282 1133 2339 lenes

118 2374 219 2446 gestus
242 2371 358 2451 habent,
381 2373 412 2429 et
434 2369 505 2427 dum
529 2389 547 2426 a
569 2368 671 2427 morbo
695 2367 752 2425 isto
777 2366 881 2424 deiecti
904 2367 936 2425 in
959 2372 1074 2427 terram
1089 2388 1132 2428 ca·

77 2470 105 2515 25
119 2459 202 2528 dunt,
226 2460 377 2519 interdum
409 2459 540 2534 aliquam
563 2475 677 2529 vocem,
709 2456 758 2514 sed
789 2459 888 2513 tamen
915 2456 1077 2533 lugubrem
1105 2462 1132 2516 et

118 2548 290 2625 naturalem,
323 2549 466 2608 emittunt
501 2549 531 2605 et
558 2545 684 2603 multam
712 2564 847 2620 spumam
875 2545 911 2602 de
940 2564 990 2605 ore
1015 2547 1132 2618 eiciunt,

118 2636 168 2695 aed
192 2642 290 2697 tamen
313 2638 399 2697 facile
420 2635 519 2695 curari
542 2638 674 2710 possunt.
1059 2682 1063 2688 .

109 2775 113 2784 .
184 2728 229 2786 Dc
251 2725 416 2801 hydropisi.
463 2725 522 2795 Qui
555 2727 656 2782 autem
688 2743 722 2782 ex
745 2725 853 2781 natura
876 2741 930 2782 sua
952 2723 1082 2801 pingues
1103 2726 1132 2782 in

119 2832 240 2890 corpore
271 2835 329 2874 non
360 2818 439 2888 sunt,
470 2814 519 2873 sed
550 2812 700 2871 macilenti
731 2815 761 2870 et
783 2812 883 2870 tristes
907 2816 937 2871 et
959 2815 1078 2890 magnis
1100 2832 1132 2872 ac

77 2916 105 2960 sc
118 2903 221 2962 multis
245 2904 476 2980 cogitationibus
500 2903 644 2979 occupati,
668 2904 740 2960 tunc
762 2901 895 2976 tristitia,
919 2903 1042 2978 quaein
1059 2903 1131 2978 ipsis

118 2995 169 3061 est,
192 2993 364 3069 sanguinem
388 3011 492 3052 eorum
516 2992 647 3066 exsiccat,
671 2994 701 3050 et
715 3009 838 3067 magnae
863 3009 896 3049 ac
918 2992 1032 3050 multae
1055 2992 1132 3068 cogi·

117 3080 253 3151 tationes,
277 3101 353 3157 quae
376 3083 466 3140 etiam
489 3081 519 3139 in
544 3081 586 3139 eis
609 3084 687 3156 suut,
710 3081 824 3156 flegma,
849 3079 928 3156 quod
944 3080 976 3137 in
991 3081 1065 3157 ipsis
1080 3084 1131 3154 est,

117 3171 340 3246 supramodum
353 3171 532 3242 diminuunt,
545 3172 575 3228 et
586 3169 641 3228 hoc
652 3170 740 3228 modo
754 3188 831 3243 aqua
841 3168 872 3226 in
884 3170 926 3228 eis
937 3170 1133 3246 supercrescit

117 3263 147 3319 et
168 3263 282 3337 regnat.
329 3259 404 3319 Cum
427 3260 505 3318 enim
529 3260 648 3335 sanguis
671 3263 702 3317 et
723 3258 829 3334 flegma
856 3258 887 3316 in
914 3258 1036 3318 homine
1063 3279 1128 3318 exa-

74 3350 238 3422 atruerint,
261 3352 333 3409 tunc
355 3351 449 3408 faeces
481 3349 654 3425 digestionis
681 3367 751 3406 suae
775 3348 811 3404 ad
835 3349 961 3407 vesicam
984 3349 1016 3406 in
1046 3350 1132 3407 urina

71 3448 76 3459 '
115 3438 265 3516 emittunt,
297 3447 328 3498 et
359 3439 472 3511 deinde,
506 3456 573 3496 cum
605 3438 702 3497 vesica
725 3438 851 3496 calorem
875 3457 911 3496 ex
934 3439 1080 3515 sanguine
1102 3442 1132 3496 et

114 3526 252 3605 flegmate
275 3548 332 3584 non
356 3528 452 3600 babet,
475 3527 593 3586 urinam
616 3545 778 3602 excoquere
800 3546 859 3586 non
882 3531 989 3606 potest,
1013 3530 1044 3587 et
1065 3527 1132 3588 ideo
