2460 3862
128 145 191 205 168
514 136 761 193 REDEGARDIS

126 324 249 383 fioribus
272 324 430 383 collectum
454 327 506 399 est,
530 324 628 400 frigus
649 321 796 400 flegmatis
818 324 976 397 temperet,
1000 324 1035 379 ut
1056 336 1123 396 pree·

126 413 317 475 dictumest.

193 501 241 560 Ea
282 518 358 575 quoe
396 504 561 575 sequenter
600 501 641 560 ad
674 502 779 561 mium
811 501 966 575 piamonis
998 497 1123 574 spectent.

130 585 271 669 1)Accipe
292 591 387 666 patre
409 594 440 650 et
465 591 625 650 feniculum
649 591 767 667 eequeli
797 589 926 667 pondere
953 592 985 649 et
1010 589 1055 649 bis
1075 591 1124 648 tn·

98 683 193 738 etum
215 678 250 739 de
273 699 347 740 nuce
369 683 502 740 musceta
530 683 560 739 et
586 681 705 739 tentum
734 680 770 739 de
801 681 930 741 bertram
957 682 993 738 ut
1016 679 1126 738 istorum

126 769 268 845 duorum,
298 770 342 830 ite
368 789 436 830 sene
464 771 500 828 ut
529 789 590 829 nux
617 773 752 829 musceta
775 772 805 828 et
828 770 959 830 bertram
987 768 1076 828 etiem
1097 781 1127 823 ee

128 858 224 935 quelis
258 859 397 935 ponderis
431 859 498 934 sint,
534 862 564 917 et
597 858 669 918 hoec
700 859 854 936 pulveriza
886 861 917 918 et
947 861 1023 917 tunc
1054 853 1127 916 simul

127 949 282 1008 commisce
314 952 344 1007 et
374 949 410 1007 de
441 948 564 1024 pulvere
598 947 656 1007 isto
689 948 727 1006 ed
753 948 871 1025 pondus
901 947 1032 1007 duorum
1057 963 1126 1004 num·

126 1057 244 1097 morum
275 1057 344 1097 cum
375 1038 460 1097 tenui
487 1037 620 1096 buccello
646 1037 731 1114 penis
754 1037 862 1097 cotidie
883 1037 1003 1096 ieiunus
1026 1031 1127 1095 comede

87 1131 157 1187 loct
179 1127 283 1186 stetim
305 1126 457 1186 modicum
479 1126 568 1186 calidi
591 1126 653 1185 viui
680 1125 748 1186 bibe
771 1130 801 1185 et
823 1127 913 1186 etiem
936 1126 1009 1186 elios
1031 1122 1126 1183 nobiles

125 1216 238 1288 herbas,
271 1235 347 1292 quae
370 1217 481 1276 bonum
505 1215 625 1275 odorem
648 1215 765 1292 hebent,
795 1218 826 1274 et
855 1233 904 1274 ees
933 1218 997 1274 tem
1028 1214 1127 1273 ieiunus

127 1325 218 1381 quem
248 1322 375 1380 prensus
407 1305 526 1364 comede
554 1305 735 1380 frequenter,
767 1306 804 1363 ut
825 1304 923 1364 bonus
946 1304 1020 1364 odor
1043 1318 1127 1362 eurum

127 1395 164 1453 ed
195 1395 368 1470 pulmonem
400 1397 531 1454 transeat
562 1397 592 1453 et
624 1394 783 1454 foetentem
813 1393 942 1452 halitum
969 1391 1128 1468 compescat.

128 1483 185 1554 Qui
208 1503 278 1543 vero
302 1481 437 1560 quolibet
458 1483 546 1542 modo
570 1484 602 1541 in
624 1484 765 1559 pulmone
787 1482 877 1559 dolet,
899 1483 1026 1561 pingues
1042 1493 1125 1541 cemes

88 1582 114 1626 15
129 1571 241 1632 devitet
263 1577 293 1632 et
316 1572 424 1645 cibum,
448 1573 501 1650 qui
524 1573 621 1630 multo
644 1573 789 1650 sanguine
803 1572 943 1648 perfusus
960 1576 1013 1649 est,
1037 1575 1067 1630 et
1080 1584 1126 1628 coc·

126 1666 192 1721 tum
215 1680 340 1735 cescum,
365 1662 437 1738 quio
459 1661 558 1721 tabem
581 1661 660 1721 circe
681 1663 852 1738 pulmonem
874 1661 998 1721 fuciunt.
1034 1658 1127 1720 Sedet

125 1751 221 1826 pisam
244 1754 274 1810 et
296 1753 407 1810 lentem
430 1755 461 1811 et
483 1751 575 1811 crude
596 1769 685 1826 poma
707 1753 737 1810 et
760 1751 852 1810 crude
872 1751 952 1810 olere
972 1770 1033 1810 non
1052 1763 1125 1808 eone·

126 1839 178 1898 det
200 1843 229 1898 et
251 1859 340 1899 nuces
364 1843 394 1899 et
418 1842 516 1900 oleum
540 1840 665 1912 devitet3
696 1840 777 1916 quod
808 1841 833 1899 si
864 1858 964 1899 cernes
992 1836 1126 1899 comedere

129 1930 205 2004 vult,
229 1947 343 1988 macres
367 1930 510 2005 comedet,
535 1933 565 1988 et
588 1931 613 1988 si
637 1948 755 1989 cescum
778 1929 915 2005 comedit,
945 1949 1005 1989 non
1028 1928 1127 1988 coctum

92 2025 185 2077 tonec
209 2017 342 2090 crudum,
366 2018 417 2078 sed
440 2019 557 2077 aridum
581 2019 657 2093 edet,
680 2022 710 2076 et
732 2019 758 2077 si
780 2019 878 2078 oleum
893 2018 1046 2078 comedere
1059 2014 1127 2076 volu·

126 2106 191 2182 erit,
219 2107 334 2167 modice
357 2108 499 2185 comedet,
528 2127 637 2184 aquam
660 2126 729 2167 vero
759 2107 931 2183 nonbibet,
965 2107 1036 2184 quie
1066 2105 1127 2165 cire

125 2196 297 2272 pulmonem
330 2197 455 2257 livorem
490 2200 521 2256 et
558 2198 627 2257 slim
664 2199 758 2273 peret.
814 2195 871 2255 Sed
904 2199 934 2255 et
966 2215 1076 2256 novum
1105 2191 1127 2249 el

126 2286 253 2345 crudum
267 2289 409 2362 mustum,
426 2286 507 2363 quod
522 2287 654 2346 nondum
674 2286 705 2343 in
725 2286 840 2346 fervore
856 2284 1028 2345 ebulliendo
1043 2283 1127 2345 sordes

127 2376 223 2452 eiecit,
246 2394 306 2434 non
329 2375 426 2447 bibet;
451 2377 591 2435 cerevisia
614 2378 715 2434 eutem
738 2394 805 2434 eum
821 2393 881 2433 non
897 2375 1030 2433 multum
1044 2371 1127 2443 laedit,

85 2471 114 2516 25
128 2465 209 2540 quod
232 2469 314 2524 coctu
338 2468 393 2536 est3
417 2465 521 2524 vinum
544 2484 614 2525 vero
637 2463 810 2540 nonbibet,
838 2464 875 2523 eb
898 2463 1022 2522 humide
1044 2465 1128 2522 eutem

127 2556 157 2612 et
180 2555 322 2614 nebulosa
345 2573 418 2612 eure
442 2573 472 2614 se
495 2555 643 2619 observet,

193 2644 239 2702 Dc
251 2644 391 2703 amentio.
414 2635 440 2721 2)
445 2643 477 2702 Si
489 2643 591 2702 multis
603 2647 633 2702 et
644 2642 768 2703 diversis
780 2641 1010 2719 cogitationibus
1022 2638 1129 2702 scientie

126 2735 155 2790 et
187 2750 287 2790 sensus
310 2733 476 2807 cuiuspiam
499 2732 624 2792 hominis
648 2734 836 2804 evacuentur,
864 2731 908 2789 ite
931 2731 1013 2807 quod
1040 2727 1131 2790 illeiu

126 2821 284 2878 amentiam
307 2822 443 2898 vertitur,
466 2823 530 2881 bure
553 2822 678 2899 occipiat
704 2824 735 2880 et
760 2824 807 2880 ter
829 2822 949 2880 tentum
971 2820 1089 2880 feniculi
1108 2818 1132 2875 et

85 2916 112 2960 ³0
128 2909 159 2966 in
191 2929 269 2983 aque
303 2911 393 2969 simul
428 2915 536 2987 coquet
570 2913 600 2969 et
633 2908 752 2969 abiectis
779 2909 913 2969 herbulis
935 2910 1001 2968 istis
1025 2907 1133 2968 eundem

126 3015 234 3073 equom
264 2999 468 3076 infrigidatam
496 3001 666 3076 frequenter
693 2999 785 3060 bibet.
835 2997 946 3058 Sucous
975 2999 1054 3058 enim
1080 2998 1134 3057 bem

125 3087 218 3146 melos
240 3087 381 3147 humores
404 3089 581 3165 constringit
603 3091 633 3147 et
655 3089 771 3162 retinet,
795 3107 831 3146 ue
854 3087 977 3146 modum
1000 3086 1134 3148 suumin

125 3176 292 3252 petulentia
320 3177 473 3253 excedant,
501 3181 531 3237 et
558 3178 705 3237 hominem
734 3177 895 3236 adsensus
919 3194 988 3236 suos
1011 3175 1135 3245 reducit3

124 3284 229 3325 succus
253 3268 353 3324 autem
375 3266 497 3325 feniculi
519 3267 556 3325 ed
578 3268 693 3326 rectum
720 3268 988 3342 temperamentum
1015 3266 1139 3327 loetitiae

85 3362 113 3407 35
126 3373 175 3414 eos
199 3355 354 3431 pertrahit.
399 3355 439 3414 Et
461 3355 602 3415 herbulae
624 3357 698 3415 istae
714 3356 804 3414 simul
818 3357 999 3431 temperatae
1014 3359 1045 3415 et
1059 3351 1139 3416 suevi

197 3462 376 3561 ¹)T4326
406 3515 438 3542 =
464 3493 560 3564 Migne
592 3494 662 3548 1134
690 3492 780 3548 n-o.
808 3522 843 3533 -
874 3490 898 3563 2)
927 3511 951 3547 v.
979 3491 1139 3548 27-312

113 3562 215 3633 regne
233 3563 306 3622 1202
323 3564 458 3626 D-moe
477 3563 512 3622 e.
