<?xml version="1.0" encoding="UTF-8"?>
<!DOCTYPE html PUBLIC "-//W3C//DTD XHTML 1.0 Transitional//EN"
    "http://www.w3.org/TR/xhtml1/DTD/xhtml1-transitional.dtd">
<html xmlns="http://www.w3.org/1999/xhtml" xml:lang="en" lang="en">
 <head>
  <title>
</title>
<meta http-equiv="Content-Type" content="text/html;charset=utf-8" />
  <meta name='ocr-system' content='tesseract 3.04.00' />
  <meta name='ocr-capabilities' content='ocr_page ocr_carea ocr_par ocr_line ocrx_word'/>
</head>
<body>
  <div class='ocr_page' id='page_1' title='image "./hildegardiscaus01hildgoog_0184.png"; bbox 0 0 2460 3862; ppageno 0'>
   <div class='ocr_carea' id='block_1_1' title="bbox 307 113 1103 188">
    <p class='ocr_par' dir='ltr' id='par_1_1' title="bbox 307 113 1103 188">
     <span class='ocr_line' id='line_1_1' title="bbox 307 113 1103 188; baseline 0.019 -14"><span class='ocrx_word' id='word_1_1' title='bbox 307 113 312 122; x_wconf 81' lang='grc'>’</span> <span class='ocrx_word' id='word_1_2' title='bbox 344 119 489 176; x_wconf 77' lang='lat' dir='ltr'>CAUSAE</span> <span class='ocrx_word' id='word_1_3' title='bbox 507 121 554 176; x_wconf 81' lang='grc' dir='ltr'><strong>ΕΤ</strong></span> <span class='ocrx_word' id='word_1_4' title='bbox 573 121 694 177; x_wconf 80' lang='lat' dir='ltr'><strong>GURAE</strong></span> <span class='ocrx_word' id='word_1_5' title='bbox 712 121 779 176; x_wconf 85' lang='lat' dir='ltr'>LIB.</span> <span class='ocrx_word' id='word_1_6' title='bbox 798 123 846 176; x_wconf 89' lang='lat'><em>111.</em></span> <span class='ocrx_word' id='word_1_7' title='bbox 1039 129 1103 188; x_wconf 85' lang='grc'><strong>173</strong></span> 
     </span>
    </p>
   </div>
   <div class='ocr_carea' id='block_1_2' title="bbox 77 303 1145 3324">
    <p class='ocr_par' dir='ltr' id='par_1_2' title="bbox 83 303 1131 733">
     <span class='ocr_line' id='line_1_2' title="bbox 84 303 1104 384; baseline 0.004 -20"><span class='ocrx_word' id='word_1_8' title='bbox 84 303 202 381; x_wconf 89' lang='lat' dir='ltr'><strong>parsico</strong></span> <span class='ocrx_word' id='word_1_9' title='bbox 233 307 288 363; x_wconf 84' lang='lat' dir='ltr'><strong>aut</strong></span> <span class='ocrx_word' id='word_1_10' title='bbox 310 303 346 364; x_wconf 90' lang='lat' dir='ltr'><strong>de</strong></span> <span class='ocrx_word' id='word_1_11' title='bbox 368 305 455 381; x_wconf 86' lang='lat' dir='ltr'><strong>prino</strong></span> <span class='ocrx_word' id='word_1_12' title='bbox 478 305 623 364; x_wconf 86' lang='lat' dir='ltr'><strong>virtutem</strong></span> <span class='ocrx_word' id='word_1_13' title='bbox 645 306 805 365; x_wconf 79' lang='lat' dir='ltr'><strong>eorrmdem</strong></span> <span class='ocrx_word' id='word_1_14' title='bbox 827 307 979 384; x_wconf 81' lang='lat' dir='ltr'><strong>lignorum</strong></span> <span class='ocrx_word' id='word_1_15' title='bbox 1010 308 1042 366; x_wconf 90' lang='lat' dir='ltr'><strong>in</strong></span> <span class='ocrx_word' id='word_1_16' title='bbox 1074 327 1104 368; x_wconf 88' lang='lat' dir='ltr'><strong>se</strong></span> 
     </span>
     <span class='ocr_line' id='line_1_3' title="bbox 83 393 1104 466; baseline 0.004 -14"><span class='ocrx_word' id='word_1_17' title='bbox 83 393 184 466; x_wconf 86' lang='lat' dir='ltr'><strong>habet,</strong></span> <span class='ocrx_word' id='word_1_18' title='bbox 217 397 248 454; x_wconf 89' lang='lat' dir='ltr'><strong>et</strong></span> <span class='ocrx_word' id='word_1_19' title='bbox 278 396 387 453; x_wconf 76' lang='lat' dir='ltr'><strong>nauare</strong></span> <span class='ocrx_word' id='word_1_20' title='bbox 414 413 468 453; x_wconf 88' lang='lat' dir='ltr'><strong>sua</strong></span> <span class='ocrx_word' id='word_1_21' title='bbox 490 393 701 455; x_wconf 76' lang='lat' dir='ltr'><strong>humiditatem</strong></span> <span class='ocrx_word' id='word_1_22' title='bbox 724 395 881 455; x_wconf 87' lang='lat' dir='ltr'><strong>oculorum</strong></span> <span class='ocrx_word' id='word_1_23' title='bbox 903 397 987 456; x_wconf 92' lang='lat' dir='ltr'><strong>inse</strong></span> <span class='ocrx_word' id='word_1_24' title='bbox 1010 397 1104 456; x_wconf 88' lang='lat' dir='ltr'><strong>trahit</strong></span> 
     </span>
     <span class='ocr_line' id='line_1_4' title="bbox 84 483 1103 562; baseline 0.001 -18"><span class='ocrx_word' id='word_1_25' title='bbox 84 502 155 544; x_wconf 89' lang='lat' dir='ltr'><strong>cum</strong></span> <span class='ocrx_word' id='word_1_26' title='bbox 178 483 283 554; x_wconf 86' lang='lat' dir='ltr'><strong>calore,</strong></span> <span class='ocrx_word' id='word_1_27' title='bbox 312 501 401 560; x_wconf 88' lang='lat' dir='ltr'><strong>quem</strong></span> <span class='ocrx_word' id='word_1_28' title='bbox 424 486 478 542; x_wconf 89' lang='lat' dir='ltr'><strong>aut</strong></span> <span class='ocrx_word' id='word_1_29' title='bbox 501 483 537 543; x_wconf 90' lang='lat' dir='ltr'><strong>de</strong></span> <span class='ocrx_word' id='word_1_30' title='bbox 564 484 656 543; x_wconf 84' lang='lat' dir='ltr'><strong>latere</strong></span> <span class='ocrx_word' id='word_1_31' title='bbox 688 487 742 543; x_wconf 90' lang='lat' dir='ltr'><strong>aut</strong></span> <span class='ocrx_word' id='word_1_32' title='bbox 772 485 807 544; x_wconf 92' lang='lat' dir='ltr'><strong>de</strong></span> <span class='ocrx_word' id='word_1_33' title='bbox 839 485 957 545; x_wconf 88' lang='lat' dir='ltr'><strong>fornace</strong></span> <span class='ocrx_word' id='word_1_34' title='bbox 989 487 1103 562; x_wconf 83' lang='lat' dir='ltr'><strong>accipit,</strong></span> 
     </span>
     <span class='ocr_line' id='line_1_5' title="bbox 83 572 1101 650; baseline 0.003 -19"><span class='ocrx_word' id='word_1_35' title='bbox 83 572 158 650; x_wconf 84' lang='lat' dir='ltr'><strong>quia</strong></span> <span class='ocrx_word' id='word_1_36' title='bbox 185 573 236 632; x_wconf 91' lang='lat' dir='ltr'><strong>ille</strong></span> <span class='ocrx_word' id='word_1_37' title='bbox 259 572 333 632; x_wconf 90' lang='lat' dir='ltr'><strong>lenis</strong></span> <span class='ocrx_word' id='word_1_38' title='bbox 356 574 386 631; x_wconf 90' lang='lat' dir='ltr'><strong>et</strong></span> <span class='ocrx_word' id='word_1_39' title='bbox 407 590 468 631; x_wconf 90' lang='lat' dir='ltr'><strong>non</strong></span> <span class='ocrx_word' id='word_1_40' title='bbox 490 591 556 632; x_wconf 90' lang='lat' dir='ltr'><strong>acer</strong></span> <span class='ocrx_word' id='word_1_41' title='bbox 579 591 640 633; x_wconf 86' lang='lat' dir='ltr'><strong>esse</strong></span> <span class='ocrx_word' id='word_1_42' title='bbox 663 573 758 635; x_wconf 83' lang='lat' dir='ltr'><strong>debet.</strong></span> <span class='ocrx_word' id='word_1_43' title='bbox 804 574 844 635; x_wconf 79' lang='lat' dir='ltr'><strong>ut</strong></span> <span class='ocrx_word' id='word_1_44' title='bbox 870 574 922 650; x_wconf 88' lang='lat' dir='ltr'><strong>ita,</strong></span> <span class='ocrx_word' id='word_1_45' title='bbox 956 578 992 633; x_wconf 89' lang='lat' dir='ltr'><strong>ut</strong></span> <span class='ocrx_word' id='word_1_46' title='bbox 1019 595 1101 650; x_wconf 82' lang='lat' dir='ltr'><strong>prac-</strong></span> 
     </span>
     <span class='ocr_line' id='line_1_6' title="bbox 84 661 1131 733; baseline 0 -13"><span class='ocrx_word' id='word_1_47' title='bbox 84 661 202 720; x_wconf 89' lang='lat' dir='ltr'><strong>dictum</strong></span> <span class='ocrx_word' id='word_1_48' title='bbox 223 665 275 733; x_wconf 85' lang='lat' dir='ltr'><strong>est,</strong></span> <span class='ocrx_word' id='word_1_49' title='bbox 298 661 407 720; x_wconf 90' lang='lat' dir='ltr'><strong>humor</strong></span> <span class='ocrx_word' id='word_1_50' title='bbox 430 663 586 721; x_wconf 90' lang='lat' dir='ltr'><strong>oculorum</strong></span> <span class='ocrx_word' id='word_1_51' title='bbox 608 663 739 723; x_wconf 74' lang='lat' dir='ltr'><strong>cessabit.</strong></span> <span class='ocrx_word' id='word_1_52' title='bbox 1117 676 1131 720; x_wconf 82' lang='lat'><strong>5</strong></span> 
     </span>
    </p>

    <p class='ocr_par' dir='ltr' id='par_1_3' title="bbox 83 750 1145 1455">
     <span class='ocr_line' id='line_1_7' title="bbox 152 750 1105 829; baseline 0.002 -19"><span class='ocrx_word' id='word_1_53' title='bbox 152 751 200 810; x_wconf 87' lang='lat' dir='ltr'><strong>Dc</strong></span> <span class='ocrx_word' id='word_1_54' title='bbox 221 751 344 812; x_wconf 76' lang='lat' dir='ltr'><strong>auditos</strong></span> <span class='ocrx_word' id='word_1_55' title='bbox 366 751 573 814; x_wconf 73' lang='lat' dir='ltr'><strong>diminutione.</strong></span> <span class='ocrx_word' id='word_1_56' title='bbox 619 750 651 810; x_wconf 85' lang='lat' dir='ltr'><strong>Si</strong></span> <span class='ocrx_word' id='word_1_57' title='bbox 682 752 718 810; x_wconf 85' lang='lat' dir='ltr'><strong>de</strong></span> <span class='ocrx_word' id='word_1_58' title='bbox 748 752 849 827; x_wconf 81' lang='lat' dir='ltr'><strong>aliquo</strong></span> <span class='ocrx_word' id='word_1_59' title='bbox 880 753 1019 829; x_wconf 81' lang='lat' dir='ltr'><strong>flegmate</strong></span> <span class='ocrx_word' id='word_1_60' title='bbox 1051 757 1105 812; x_wconf 84' lang='lat' dir='ltr'><strong>aut</strong></span> 
     </span>
     <span class='ocr_line' id='line_1_8' title="bbox 84 840 1104 913; baseline 0.002 -14"><span class='ocrx_word' id='word_1_61' title='bbox 84 840 145 899; x_wconf 90' lang='lat' dir='ltr'><strong>alio</strong></span> <span class='ocrx_word' id='word_1_62' title='bbox 168 840 257 899; x_wconf 91' lang='lat' dir='ltr'><strong>modo</strong></span> <span class='ocrx_word' id='word_1_63' title='bbox 279 840 460 900; x_wconf 86' lang='lat' dir='ltr'><strong>infirmitatis</strong></span> <span class='ocrx_word' id='word_1_64' title='bbox 483 840 605 900; x_wconf 88' lang='lat' dir='ltr'><strong>auditus</strong></span> <span class='ocrx_word' id='word_1_65' title='bbox 627 840 755 901; x_wconf 89' lang='lat' dir='ltr'><strong>hominis</strong></span> <span class='ocrx_word' id='word_1_66' title='bbox 777 841 978 913; x_wconf 83' lang='lat' dir='ltr'><strong>confunditur,</strong></span> <span class='ocrx_word' id='word_1_67' title='bbox 1002 841 1104 901; x_wconf 84' lang='lat' dir='ltr'><strong>album</strong></span> 
     </span>
     <span class='ocr_line' id='line_1_9' title="bbox 83 929 1105 1005; baseline 0.001 -16"><span class='ocrx_word' id='word_1_68' title='bbox 83 929 157 989; x_wconf 86' lang='lat' dir='ltr'><strong>thus</strong></span> <span class='ocrx_word' id='word_1_69' title='bbox 180 929 305 1004; x_wconf 81' lang='lat' dir='ltr'><strong>accipiat</strong></span> <span class='ocrx_word' id='word_1_70' title='bbox 328 934 359 990; x_wconf 90' lang='lat' dir='ltr'><strong>et</strong></span> <span class='ocrx_word' id='word_1_71' title='bbox 381 949 416 988; x_wconf 81' lang='lat' dir='ltr'><strong>ex</strong></span> <span class='ocrx_word' id='word_1_72' title='bbox 438 949 473 989; x_wconf 92' lang='lat' dir='ltr'><strong>eo</strong></span> <span class='ocrx_word' id='word_1_73' title='bbox 496 931 614 989; x_wconf 87' lang='lat' dir='ltr'><strong>fumum</strong></span> <span class='ocrx_word' id='word_1_74' title='bbox 641 949 732 1005; x_wconf 89' lang='lat' dir='ltr'><strong>super</strong></span> <span class='ocrx_word' id='word_1_75' title='bbox 763 931 833 991; x_wconf 85' lang='lat' dir='ltr'><strong>viro</strong></span> <span class='ocrx_word' id='word_1_76' title='bbox 865 931 991 990; x_wconf 80' lang='lat' dir='ltr'>carbone</span> <span class='ocrx_word' id='word_1_77' title='bbox 1014 932 1105 991; x_wconf 86' lang='lat' dir='ltr'><strong>faciat</strong></span> 
     </span>
     <span class='ocr_line' id='line_1_10' title="bbox 83 1019 1103 1097; baseline 0.002 -19"><span class='ocrx_word' id='word_1_78' title='bbox 83 1022 115 1078; x_wconf 90' lang='lat' dir='ltr'><strong>et</strong></span> <span class='ocrx_word' id='word_1_79' title='bbox 138 1019 257 1077; x_wconf 82' lang='lat' dir='ltr'><strong>fumum</strong></span> <span class='ocrx_word' id='word_1_80' title='bbox 279 1019 373 1079; x_wconf 87' lang='lat' dir='ltr'><strong>istum</strong></span> <span class='ocrx_word' id='word_1_81' title='bbox 394 1019 426 1076; x_wconf 93' lang='lat' dir='ltr'><strong>in</strong></span> <span class='ocrx_word' id='word_1_82' title='bbox 450 1039 552 1079; x_wconf 89' lang='lat' dir='ltr'><strong>aurem</strong></span> <span class='ocrx_word' id='word_1_83' title='bbox 575 1019 754 1079; x_wconf 74' lang='lat' dir='ltr'><strong>obduratam</strong></span> <span class='ocrx_word' id='word_1_84' title='bbox 773 1020 926 1080; x_wconf 87' lang='lat' dir='ltr'><strong>ascendere</strong></span> <span class='ocrx_word' id='word_1_85' title='bbox 941 1021 1103 1097; x_wconf 84' lang='lat' dir='ltr'><strong>permittat,</strong></span> 
     </span>
     <span class='ocr_line' id='line_1_11' title="bbox 84 1107 1145 1185; baseline -0.003 -17"><span class='ocrx_word' id='word_1_86' title='bbox 84 1107 137 1168; x_wconf 86' lang='lat' dir='ltr'><strong>sed</strong></span> <span class='ocrx_word' id='word_1_87' title='bbox 160 1111 261 1168; x_wconf 85' lang='lat' dir='ltr'><strong>tamen</strong></span> <span class='ocrx_word' id='word_1_88' title='bbox 283 1127 351 1168; x_wconf 91' lang='lat' dir='ltr'><strong>raro</strong></span> <span class='ocrx_word' id='word_1_89' title='bbox 372 1107 429 1168; x_wconf 92' lang='lat' dir='ltr'><strong>hoo</strong></span> <span class='ocrx_word' id='word_1_90' title='bbox 450 1108 548 1181; x_wconf 85' lang='lat' dir='ltr'><strong>faciat,</strong></span> <span class='ocrx_word' id='word_1_91' title='bbox 572 1127 608 1168; x_wconf 90' lang='lat' dir='ltr'><strong>ne</strong></span> <span class='ocrx_word' id='word_1_92' title='bbox 630 1109 656 1168; x_wconf 92' lang='lat' dir='ltr'><strong>si</strong></span> <span class='ocrx_word' id='word_1_93' title='bbox 678 1109 906 1185; x_wconf 88' lang='lat' dir='ltr'><strong>supramodum</strong></span> <span class='ocrx_word' id='word_1_94' title='bbox 921 1109 1103 1182; x_wconf 65' lang='lat' dir='ltr'><strong>hocfeocrit</strong></span> <span class='ocrx_word' id='word_1_95' title='bbox 1119 1119 1145 1165; x_wconf 86' lang='lat'><strong>10</strong></span> 
     </span>
     <span class='ocr_line' id='line_1_12' title="bbox 83 1195 1103 1275; baseline 0.002 -19"><span class='ocrx_word' id='word_1_96' title='bbox 83 1197 153 1257; x_wconf 91' lang='lat' dir='ltr'><strong>inde</strong></span> <span class='ocrx_word' id='word_1_97' title='bbox 175 1198 261 1272; x_wconf 87' lang='lat' dir='ltr'><strong>peius</strong></span> <span class='ocrx_word' id='word_1_98' title='bbox 288 1198 405 1260; x_wconf 83' lang='lat' dir='ltr'><strong>haheat.</strong></span> <span class='ocrx_word' id='word_1_99' title='bbox 448 1195 525 1256; x_wconf 86' lang='lat' dir='ltr'><strong>Nam</strong></span> <span class='ocrx_word' id='word_1_100' title='bbox 553 1198 666 1257; x_wconf 88' lang='lat' dir='ltr'><strong>calidus</strong></span> <span class='ocrx_word' id='word_1_101' title='bbox 694 1200 797 1257; x_wconf 85' lang='lat' dir='ltr'><strong>fumus</strong></span> <span class='ocrx_word' id='word_1_102' title='bbox 820 1199 880 1258; x_wconf 83' lang='lat' dir='ltr'>albi</span> <span class='ocrx_word' id='word_1_103' title='bbox 909 1198 1021 1274; x_wconf 85' lang='lat' dir='ltr'><strong>thuris,</strong></span> <span class='ocrx_word' id='word_1_104' title='bbox 1050 1200 1103 1275; x_wconf 91' lang='lat' dir='ltr'><strong>qui</strong></span> 
     </span>
     <span class='ocr_line' id='line_1_13' title="bbox 84 1286 1103 1364; baseline 0 -18"><span class='ocrx_word' id='word_1_105' title='bbox 84 1286 193 1363; x_wconf 92' lang='lat' dir='ltr'><strong>purior</strong></span> <span class='ocrx_word' id='word_1_106' title='bbox 207 1287 291 1346; x_wconf 84' lang='lat' dir='ltr'><strong>fumo</strong></span> <span class='ocrx_word' id='word_1_107' title='bbox 307 1287 432 1346; x_wconf 88' lang='lat' dir='ltr'><strong>alterius</strong></span> <span class='ocrx_word' id='word_1_108' title='bbox 446 1287 545 1346; x_wconf 85' lang='lat' dir='ltr'><strong>thuris</strong></span> <span class='ocrx_word' id='word_1_109' title='bbox 560 1290 613 1362; x_wconf 87' lang='lat' dir='ltr'><strong>est,</strong></span> <span class='ocrx_word' id='word_1_110' title='bbox 634 1287 730 1346; x_wconf 87' lang='lat' dir='ltr'><strong>alieno</strong></span> <span class='ocrx_word' id='word_1_111' title='bbox 745 1287 815 1364; x_wconf 83' lang='lat' dir='ltr'><strong>igne</strong></span> <span class='ocrx_word' id='word_1_112' title='bbox 830 1287 975 1347; x_wconf 85' lang='lat' dir='ltr'><strong>excitatus</strong></span> <span class='ocrx_word' id='word_1_113' title='bbox 989 1289 1103 1346; x_wconf 85' lang='lat' dir='ltr'><strong>malum</strong></span> 
     </span>
     <span class='ocr_line' id='line_1_14' title="bbox 85 1375 1103 1455; baseline 0.003 -20"><span class='ocrx_word' id='word_1_114' title='bbox 85 1375 215 1452; x_wconf 89' lang='lat' dir='ltr'><strong>fumum,</strong></span> <span class='ocrx_word' id='word_1_115' title='bbox 239 1376 292 1453; x_wconf 89' lang='lat' dir='ltr'><strong>qui</strong></span> <span class='ocrx_word' id='word_1_116' title='bbox 307 1376 462 1436; x_wconf 86' lang='lat' dir='ltr'><strong>cerebrum</strong></span> <span class='ocrx_word' id='word_1_117' title='bbox 476 1381 507 1436; x_wconf 89' lang='lat' dir='ltr'><strong>et</strong></span> <span class='ocrx_word' id='word_1_118' title='bbox 522 1376 660 1435; x_wconf 85' lang='lat' dir='ltr'><strong>auditum</strong></span> <span class='ocrx_word' id='word_1_119' title='bbox 675 1377 804 1436; x_wconf 90' lang='lat' dir='ltr'><strong>hominis</strong></span> <span class='ocrx_word' id='word_1_120' title='bbox 819 1377 983 1452; x_wconf 82' lang='lat' dir='ltr'><strong>confundit,</strong></span> <span class='ocrx_word' id='word_1_121' title='bbox 1006 1377 1103 1455; x_wconf 84' lang='lat' dir='ltr'><strong>fugat.</strong></span> 
     </span>
    </p>

    <p class='ocr_par' dir='ltr' id='par_1_4' title="bbox 77 1459 1143 3051">
     <span class='ocr_line' id='line_1_15' title="bbox 154 1459 1101 1545; baseline 0.002 -22"><span class='ocrx_word' id='word_1_122' title='bbox 154 1465 200 1525; x_wconf 86' lang='lat' dir='ltr'><strong>De</strong></span> <span class='ocrx_word' id='word_1_123' title='bbox 222 1465 357 1524; x_wconf 78' lang='lat' dir='ltr'><strong>dentium</strong></span> <span class='ocrx_word' id='word_1_124' title='bbox 380 1465 488 1527; x_wconf 84' lang='lat' dir='ltr'><strong>dolere.</strong></span> <span class='ocrx_word' id='word_1_125' title='bbox 522 1459 613 1545; x_wconf 69' lang='lat' dir='ltr'><strong>lluui</strong></span> <span class='ocrx_word' id='word_1_126' title='bbox 635 1465 671 1524; x_wconf 91' lang='lat' dir='ltr'><strong>de</strong></span> <span class='ocrx_word' id='word_1_127' title='bbox 694 1465 818 1540; x_wconf 90' lang='lat' dir='ltr'><strong>putrido</strong></span> <span class='ocrx_word' id='word_1_128' title='bbox 841 1466 985 1543; x_wconf 81' lang='lat' dir='ltr'><strong>sanguine</strong></span> <span class='ocrx_word' id='word_1_129' title='bbox 1012 1471 1042 1525; x_wconf 89' lang='lat' dir='ltr'><strong>et</strong></span> <span class='ocrx_word' id='word_1_130' title='bbox 1065 1467 1101 1525; x_wconf 86' lang='lat' dir='ltr'><strong>de</strong></span> 
     </span>
     <span class='ocr_line' id='line_1_16' title="bbox 83 1553 1143 1630; baseline -0.004 -18"><span class='ocrx_word' id='word_1_131' title='bbox 83 1554 264 1630; x_wconf 79' lang='lat' dir='ltr'><strong>purgatione</strong></span> <span class='ocrx_word' id='word_1_132' title='bbox 296 1553 408 1614; x_wconf 86' lang='lat' dir='ltr'><strong>cerebri</strong></span> <span class='ocrx_word' id='word_1_133' title='bbox 439 1554 470 1614; x_wconf 92' lang='lat' dir='ltr'><strong>in</strong></span> <span class='ocrx_word' id='word_1_134' title='bbox 501 1554 641 1614; x_wconf 88' lang='lat' dir='ltr'><strong>dentibus</strong></span> <span class='ocrx_word' id='word_1_135' title='bbox 665 1555 759 1630; x_wconf 88' lang='lat' dir='ltr'><strong>dolet,</strong></span> <span class='ocrx_word' id='word_1_136' title='bbox 783 1554 965 1614; x_wconf 88' lang='lat' dir='ltr'><strong>absinthium</strong></span> <span class='ocrx_word' id='word_1_137' title='bbox 987 1560 1017 1614; x_wconf 87' lang='lat' dir='ltr'><strong>et</strong></span> <span class='ocrx_word' id='word_1_138' title='bbox 1039 1565 1143 1614; x_wconf 82' lang='lat' dir='ltr'><strong>ver-15</strong></span> 
     </span>
     <span class='ocr_line' id='line_1_17' title="bbox 83 1643 1101 1720; baseline 0.003 -19"><span class='ocrx_word' id='word_1_139' title='bbox 83 1643 192 1701; x_wconf 81' lang='lat' dir='ltr'><strong>benum</strong></span> <span class='ocrx_word' id='word_1_140' title='bbox 213 1643 331 1719; x_wconf 87' lang='lat' dir='ltr'><strong>aequali</strong></span> <span class='ocrx_word' id='word_1_141' title='bbox 352 1644 483 1720; x_wconf 88' lang='lat' dir='ltr'><strong>pondere</strong></span> <span class='ocrx_word' id='word_1_142' title='bbox 514 1644 640 1720; x_wconf 84' lang='lat' dir='ltr'><strong>accipiat</strong></span> <span class='ocrx_word' id='word_1_143' title='bbox 671 1648 702 1703; x_wconf 88' lang='lat' dir='ltr'><strong>ct</strong></span> <span class='ocrx_word' id='word_1_144' title='bbox 734 1663 781 1704; x_wconf 89' lang='lat' dir='ltr'><strong>eas</strong></span> <span class='ocrx_word' id='word_1_145' title='bbox 813 1646 845 1702; x_wconf 87' lang='lat' dir='ltr'><strong>in</strong></span> <span class='ocrx_word' id='word_1_146' title='bbox 867 1645 947 1703; x_wconf 83' lang='lat' dir='ltr'><strong>claro</strong></span> <span class='ocrx_word' id='word_1_147' title='bbox 971 1648 1002 1704; x_wconf 88' lang='lat' dir='ltr'><strong>et</strong></span> <span class='ocrx_word' id='word_1_148' title='bbox 1024 1644 1101 1704; x_wconf 91' lang='lat' dir='ltr'><strong>bono</strong></span> 
     </span>
     <span class='ocr_line' id='line_1_18' title="bbox 80 1732 1102 1809; baseline 0 -17"><span class='ocrx_word' id='word_1_149' title='bbox 80 1732 152 1792; x_wconf 84' lang='lat' dir='ltr'><strong>vino</strong></span> <span class='ocrx_word' id='word_1_150' title='bbox 180 1732 211 1792; x_wconf 92' lang='lat' dir='ltr'><strong>in</strong></span> <span class='ocrx_word' id='word_1_151' title='bbox 236 1751 313 1792; x_wconf 87' lang='lat' dir='ltr'><strong>nova</strong></span> <span class='ocrx_word' id='word_1_152' title='bbox 336 1734 396 1793; x_wconf 90' lang='lat' dir='ltr'><strong>olla</strong></span> <span class='ocrx_word' id='word_1_153' title='bbox 419 1736 528 1809; x_wconf 84' lang='lat' dir='ltr'><strong>coquet</strong></span> <span class='ocrx_word' id='word_1_154' title='bbox 551 1737 581 1792; x_wconf 89' lang='lat' dir='ltr'><strong>et</strong></span> <span class='ocrx_word' id='word_1_155' title='bbox 603 1734 709 1792; x_wconf 82' lang='lat' dir='ltr'><strong>vinum</strong></span> <span class='ocrx_word' id='word_1_156' title='bbox 730 1733 807 1792; x_wconf 90' lang='lat' dir='ltr'><strong>illud</strong></span> <span class='ocrx_word' id='word_1_157' title='bbox 834 1734 876 1793; x_wconf 87' lang='lat' dir='ltr'><strong>sic</strong></span> <span class='ocrx_word' id='word_1_158' title='bbox 903 1736 1021 1794; x_wconf 88' lang='lat' dir='ltr'><strong>coctum</strong></span> <span class='ocrx_word' id='word_1_159' title='bbox 1049 1753 1102 1808; x_wconf 86' lang='lat' dir='ltr'><strong>per</strong></span> 
     </span>
     <span class='ocr_line' id='line_1_19' title="bbox 82 1822 1102 1899; baseline 0.002 -19"><span class='ocrx_word' id='word_1_160' title='bbox 82 1841 215 1898; x_wconf 89' lang='lat' dir='ltr'><strong>pannum</strong></span> <span class='ocrx_word' id='word_1_161' title='bbox 245 1823 321 1882; x_wconf 89' lang='lat' dir='ltr'><strong>colet</strong></span> <span class='ocrx_word' id='word_1_162' title='bbox 349 1825 439 1899; x_wconf 87' lang='lat' dir='ltr'><strong>atque</strong></span> <span class='ocrx_word' id='word_1_163' title='bbox 471 1822 588 1882; x_wconf 87' lang='lat' dir='ltr'><strong>modico</strong></span> <span class='ocrx_word' id='word_1_164' title='bbox 621 1841 743 1882; x_wconf 87' lang='lat' dir='ltr'><strong>zuccaro</strong></span> <span class='ocrx_word' id='word_1_165' title='bbox 768 1822 869 1882; x_wconf 85' lang='lat' dir='ltr'><strong>addito</strong></span> <span class='ocrx_word' id='word_1_166' title='bbox 893 1823 998 1882; x_wconf 85' lang='lat' dir='ltr'><strong>vinum</strong></span> <span class='ocrx_word' id='word_1_167' title='bbox 1020 1823 1102 1882; x_wconf 87' lang='lat' dir='ltr'><strong>istud</strong></span> 
     </span>
     <span class='ocr_line' id='line_1_20' title="bbox 84 1910 1101 1988; baseline 0.001 -18"><span class='ocrx_word' id='word_1_168' title='bbox 84 1910 178 1982; x_wconf 87' lang='lat' dir='ltr'><strong>bibat,</strong></span> <span class='ocrx_word' id='word_1_169' title='bbox 200 1911 252 1970; x_wconf 86' lang='lat' dir='ltr'><strong>sed</strong></span> <span class='ocrx_word' id='word_1_170' title='bbox 274 1913 305 1971; x_wconf 89' lang='lat' dir='ltr'><strong>et</strong></span> <span class='ocrx_word' id='word_1_171' title='bbox 326 1911 432 1971; x_wconf 87' lang='lat' dir='ltr'><strong>herbas</strong></span> <span class='ocrx_word' id='word_1_172' title='bbox 454 1911 527 1971; x_wconf 85' lang='lat' dir='ltr'><strong>istas</strong></span> <span class='ocrx_word' id='word_1_173' title='bbox 550 1911 660 1970; x_wconf 90' lang='lat' dir='ltr'><strong>calidas</strong></span> <span class='ocrx_word' id='word_1_174' title='bbox 684 1914 722 1984; x_wconf 91' lang='lat' dir='ltr'><strong>et,</strong></span> <span class='ocrx_word' id='word_1_175' title='bbox 745 1912 824 1971; x_wconf 86' lang='lat' dir='ltr'><strong>siout</strong></span> <span class='ocrx_word' id='word_1_176' title='bbox 845 1912 1033 1988; x_wconf 83' lang='lat' dir='ltr'><strong>praedictum</strong></span> <span class='ocrx_word' id='word_1_177' title='bbox 1049 1917 1101 1988; x_wconf 89' lang='lat' dir='ltr'><strong>est,</strong></span> 
     </span>
     <span class='ocr_line' id='line_1_21' title="bbox 82 1998 1143 2077; baseline 0.002 -18"><span class='ocrx_word' id='word_1_178' title='bbox 82 1998 194 2076; x_wconf 83' lang='lat' dir='ltr'><strong>coctas,</strong></span> <span class='ocrx_word' id='word_1_179' title='bbox 229 2018 297 2059; x_wconf 90' lang='lat' dir='ltr'><strong>oum</strong></span> <span class='ocrx_word' id='word_1_180' title='bbox 331 2000 494 2060; x_wconf 91' lang='lat' dir='ltr'><strong>dormitum</strong></span> <span class='ocrx_word' id='word_1_181' title='bbox 524 2001 615 2074; x_wconf 74' lang='lat' dir='ltr'><strong>radit</strong></span> <span class='ocrx_word' id='word_1_182' title='bbox 647 2001 792 2077; x_wconf 83' lang='lat' dir='ltr'><strong>maxillae,</strong></span> <span class='ocrx_word' id='word_1_183' title='bbox 826 2001 879 2060; x_wconf 93' lang='lat' dir='ltr'><strong>ubi</strong></span> <span class='ocrx_word' id='word_1_184' title='bbox 909 2002 941 2061; x_wconf 90' lang='lat' dir='ltr'><strong>in</strong></span> <span class='ocrx_word' id='word_1_185' title='bbox 963 2001 1102 2061; x_wconf 90' lang='lat' dir='ltr'><strong>dentibus</strong></span> <span class='ocrx_word' id='word_1_186' title='bbox 1115 2009 1143 2054; x_wconf 74' lang='lat'><strong>20</strong></span> 
     </span>
     <span class='ocr_line' id='line_1_22' title="bbox 81 2089 1101 2167; baseline 0.001 -20"><span class='ocrx_word' id='word_1_187' title='bbox 81 2089 173 2161; x_wconf 85' lang='lat' dir='ltr'><strong>dolet,</strong></span> <span class='ocrx_word' id='word_1_188' title='bbox 198 2089 401 2166; x_wconf 80' lang='lat' dir='ltr'><strong>circumponat</strong></span> <span class='ocrx_word' id='word_1_189' title='bbox 424 2093 454 2149; x_wconf 91' lang='lat' dir='ltr'><strong>et</strong></span> <span class='ocrx_word' id='word_1_190' title='bbox 472 2108 569 2165; x_wconf 88' lang='lat' dir='ltr'><strong>panno</strong></span> <span class='ocrx_word' id='word_1_191' title='bbox 592 2090 720 2166; x_wconf 86' lang='lat' dir='ltr'><strong>desuper</strong></span> <span class='ocrx_word' id='word_1_192' title='bbox 742 2089 825 2167; x_wconf 83' lang='lat' dir='ltr'><strong>liget.</strong></span> <span class='ocrx_word' id='word_1_193' title='bbox 870 2091 910 2148; x_wconf 81' lang='lat' dir='ltr'><strong>Et</strong></span> <span class='ocrx_word' id='word_1_194' title='bbox 932 2090 988 2150; x_wconf 89' lang='lat' dir='ltr'><strong>hoo</strong></span> <span class='ocrx_word' id='word_1_195' title='bbox 1002 2091 1101 2166; x_wconf 83' lang='lat' dir='ltr'><strong>faciat,</strong></span> 
     </span>
     <span class='ocr_line' id='line_1_23' title="bbox 80 2177 1102 2254; baseline 0.001 -18"><span class='ocrx_word' id='word_1_196' title='bbox 80 2177 156 2238; x_wconf 90' lang='lat' dir='ltr'><strong>dnm</strong></span> <span class='ocrx_word' id='word_1_197' title='bbox 190 2182 318 2242; x_wconf 88' lang='lat' dir='ltr'><strong>sanetur.</strong></span> <span class='ocrx_word' id='word_1_198' title='bbox 364 2178 475 2237; x_wconf 88' lang='lat' dir='ltr'><strong>Vinum</strong></span> <span class='ocrx_word' id='word_1_199' title='bbox 507 2179 585 2238; x_wconf 89' lang='lat' dir='ltr'><strong>enim</strong></span> <span class='ocrx_word' id='word_1_200' title='bbox 617 2178 699 2238; x_wconf 87' lang='lat' dir='ltr'><strong>istud</strong></span> <span class='ocrx_word' id='word_1_201' title='bbox 730 2197 799 2238; x_wconf 92' lang='lat' dir='ltr'><strong>cum</strong></span> <span class='ocrx_word' id='word_1_202' title='bbox 821 2179 981 2254; x_wconf 89' lang='lat' dir='ltr'><strong>praedictis</strong></span> <span class='ocrx_word' id='word_1_203' title='bbox 1004 2179 1102 2238; x_wconf 86' lang='lat' dir='ltr'><strong>herbis</strong></span> 
     </span>
     <span class='ocr_line' id='line_1_24' title="bbox 82 2267 1101 2344; baseline 0 -18"><span class='ocrx_word' id='word_1_204' title='bbox 82 2271 285 2344; x_wconf 86' lang='lat' dir='ltr'><strong>temperatum</strong></span> <span class='ocrx_word' id='word_1_205' title='bbox 308 2272 339 2328; x_wconf 89' lang='lat' dir='ltr'><strong>et</strong></span> <span class='ocrx_word' id='word_1_206' title='bbox 361 2267 492 2327; x_wconf 91' lang='lat' dir='ltr'><strong>bibitum</strong></span> <span class='ocrx_word' id='word_1_207' title='bbox 514 2268 644 2343; x_wconf 89' lang='lat' dir='ltr'><strong>venulas,</strong></span> <span class='ocrx_word' id='word_1_208' title='bbox 667 2287 744 2344; x_wconf 88' lang='lat' dir='ltr'><strong>quae</strong></span> <span class='ocrx_word' id='word_1_209' title='bbox 760 2287 790 2328; x_wconf 90' lang='lat' dir='ltr'><strong>se</strong></span> <span class='ocrx_word' id='word_1_210' title='bbox 805 2287 823 2327; x_wconf 84' lang='lat' dir='ltr'><strong>a</strong></span> <span class='ocrx_word' id='word_1_211' title='bbox 838 2269 1011 2329; x_wconf 89' lang='lat' dir='ltr'><strong>membrana</strong></span> <span class='ocrx_word' id='word_1_212' title='bbox 1025 2287 1101 2326; x_wconf 89' lang='lat' dir='ltr'><strong>cere·</strong></span> 
     </span>
     <span class='ocr_line' id='line_1_25' title="bbox 79 2355 1102 2434; baseline -0.001 -18"><span class='ocrx_word' id='word_1_213' title='bbox 79 2355 128 2416; x_wconf 90' lang='lat' dir='ltr'><strong>bri</strong></span> <span class='ocrx_word' id='word_1_214' title='bbox 152 2356 191 2415; x_wconf 87' lang='lat' dir='ltr'><strong>ad</strong></span> <span class='ocrx_word' id='word_1_215' title='bbox 213 2357 371 2434; x_wconf 81' lang='lat' dir='ltr'><strong>ginguives</strong></span> <span class='ocrx_word' id='word_1_216' title='bbox 395 2357 529 2416; x_wconf 87' lang='lat' dir='ltr'><strong>dentium</strong></span> <span class='ocrx_word' id='word_1_217' title='bbox 552 2357 728 2428; x_wconf 85' lang='lat' dir='ltr'><strong>extendunt,</strong></span> <span class='ocrx_word' id='word_1_218' title='bbox 759 2357 884 2416; x_wconf 88' lang='lat' dir='ltr'><strong>interius</strong></span> <span class='ocrx_word' id='word_1_219' title='bbox 916 2359 1036 2433; x_wconf 87' lang='lat' dir='ltr'><strong>purgat,</strong></span> <span class='ocrx_word' id='word_1_220' title='bbox 1071 2360 1102 2415; x_wconf 89' lang='lat' dir='ltr'><strong>et</strong></span> 
     </span>
     <span class='ocr_line' id='line_1_26' title="bbox 79 2444 1139 2522; baseline 0 -18"><span class='ocrx_word' id='word_1_221' title='bbox 79 2444 201 2504; x_wconf 88' lang='lat' dir='ltr'><strong>eaedem</strong></span> <span class='ocrx_word' id='word_1_222' title='bbox 232 2444 339 2506; x_wconf 86' lang='lat' dir='ltr'><strong>herbae</strong></span> <span class='ocrx_word' id='word_1_223' title='bbox 372 2445 501 2505; x_wconf 83' lang='lat' dir='ltr'><strong>maxillis</strong></span> <span class='ocrx_word' id='word_1_224' title='bbox 535 2447 762 2522; x_wconf 84' lang='lat' dir='ltr'><strong>circumpositae</strong></span> <span class='ocrx_word' id='word_1_225' title='bbox 797 2445 928 2506; x_wconf 90' lang='lat' dir='ltr'><strong>dolorem</strong></span> <span class='ocrx_word' id='word_1_226' title='bbox 962 2446 1097 2505; x_wconf 90' lang='lat' dir='ltr'><strong>dentium</strong></span> <span class='ocrx_word' id='word_1_227' title='bbox 1111 2453 1139 2498; x_wconf 78' lang='lat'><strong>25</strong></span> 
     </span>
     <span class='ocr_line' id='line_1_27' title="bbox 79 2531 1097 2612; baseline -0.002 -18"><span class='ocrx_word' id='word_1_228' title='bbox 79 2534 211 2594; x_wconf 82' lang='lat' dir='ltr'><strong>exterius</strong></span> <span class='ocrx_word' id='word_1_229' title='bbox 232 2535 381 2612; x_wconf 79' lang='lat' dir='ltr'><strong>mitigant,</strong></span> <span class='ocrx_word' id='word_1_230' title='bbox 405 2536 476 2612; x_wconf 85' lang='lat' dir='ltr'><strong>quia</strong></span> <span class='ocrx_word' id='word_1_231' title='bbox 498 2536 577 2594; x_wconf 90' lang='lat' dir='ltr'><strong>calor</strong></span> <span class='ocrx_word' id='word_1_232' title='bbox 606 2531 748 2596; x_wconf 84' lang='lat' dir='ltr'><strong>absinthii</strong></span> <span class='ocrx_word' id='word_1_233' title='bbox 776 2552 844 2594; x_wconf 91' lang='lat' dir='ltr'><strong>cum</strong></span> <span class='ocrx_word' id='word_1_234' title='bbox 872 2536 969 2594; x_wconf 88' lang='lat' dir='ltr'><strong>calore</strong></span> <span class='ocrx_word' id='word_1_235' title='bbox 995 2534 1097 2594; x_wconf 84' lang='lat' dir='ltr'><strong>verbe·</strong></span> 
     </span>
     <span class='ocr_line' id='line_1_28' title="bbox 78 2623 1101 2701; baseline 0.004 -19"><span class='ocrx_word' id='word_1_236' title='bbox 78 2642 135 2682; x_wconf 87' lang='lat' dir='ltr'><strong>nae</strong></span> <span class='ocrx_word' id='word_1_237' title='bbox 158 2627 279 2682; x_wconf 88' lang='lat' dir='ltr'><strong>etcum</strong></span> <span class='ocrx_word' id='word_1_238' title='bbox 306 2625 402 2683; x_wconf 88' lang='lat' dir='ltr'><strong>calore</strong></span> <span class='ocrx_word' id='word_1_239' title='bbox 433 2624 495 2685; x_wconf 85' lang='lat' dir='ltr'><strong>vini</strong></span> <span class='ocrx_word' id='word_1_240' title='bbox 528 2627 711 2701; x_wconf 89' lang='lat' dir='ltr'><strong>temperatus</strong></span> <span class='ocrx_word' id='word_1_241' title='bbox 745 2624 862 2683; x_wconf 87' lang='lat' dir='ltr'><strong>dolores</strong></span> <span class='ocrx_word' id='word_1_242' title='bbox 896 2624 970 2683; x_wconf 84' lang='lat' dir='ltr'><strong>istos</strong></span> <span class='ocrx_word' id='word_1_243' title='bbox 1009 2623 1101 2686; x_wconf 90' lang='lat' dir='ltr'><strong>sedat.</strong></span> 
     </span>
     <span class='ocr_line' id='line_1_29' title="bbox 79 2704 1102 2792; baseline 0 -21"><span class='ocrx_word' id='word_1_244' title='bbox 79 2704 203 2792; x_wconf 78' lang='lat' dir='ltr'><strong>†²)Qui</strong></span> <span class='ocrx_word' id='word_1_245' title='bbox 226 2713 257 2772; x_wconf 94' lang='lat' dir='ltr'><strong>in</strong></span> <span class='ocrx_word' id='word_1_246' title='bbox 272 2712 410 2773; x_wconf 90' lang='lat' dir='ltr'><strong>dentibus</strong></span> <span class='ocrx_word' id='word_1_247' title='bbox 432 2713 521 2790; x_wconf 87' lang='lat' dir='ltr'><strong>dolet,</strong></span> <span class='ocrx_word' id='word_1_248' title='bbox 546 2731 613 2773; x_wconf 88' lang='lat' dir='ltr'><strong>curn</strong></span> <span class='ocrx_word' id='word_1_249' title='bbox 637 2713 753 2772; x_wconf 91' lang='lat' dir='ltr'><strong>modico</strong></span> <span class='ocrx_word' id='word_1_250' title='bbox 776 2713 933 2772; x_wconf 90' lang='lat' dir='ltr'><strong>flebotomo</strong></span> <span class='ocrx_word' id='word_1_251' title='bbox 957 2715 1011 2772; x_wconf 84' lang='lat' dir='ltr'><strong>aut</strong></span> <span class='ocrx_word' id='word_1_252' title='bbox 1033 2731 1102 2772; x_wconf 92' lang='lat' dir='ltr'><strong>cum</strong></span> 
     </span>
     <span class='ocr_line' id='line_1_30' title="bbox 79 2802 1097 2879; baseline 0.001 -18"><span class='ocrx_word' id='word_1_253' title='bbox 79 2802 184 2862; x_wconf 63' lang='lat' dir='ltr'><strong>bonta</strong></span> <span class='ocrx_word' id='word_1_254' title='bbox 207 2819 330 2874; x_wconf 75' lang='lat' dir='ltr'><strong>carnem,</strong></span> <span class='ocrx_word' id='word_1_255' title='bbox 354 2822 431 2879; x_wconf 87' lang='lat' dir='ltr'><strong>quae</strong></span> <span class='ocrx_word' id='word_1_256' title='bbox 454 2803 531 2862; x_wconf 86' lang='lat' dir='ltr'><strong>circa</strong></span> <span class='ocrx_word' id='word_1_257' title='bbox 552 2802 679 2862; x_wconf 88' lang='lat' dir='ltr'><strong>eundem</strong></span> <span class='ocrx_word' id='word_1_258' title='bbox 696 2803 813 2862; x_wconf 89' lang='lat' dir='ltr'><strong>dentem</strong></span> <span class='ocrx_word' id='word_1_259' title='bbox 829 2804 881 2878; x_wconf 88' lang='lat' dir='ltr'><strong>est,</strong></span> <span class='ocrx_word' id='word_1_260' title='bbox 904 2802 935 2861; x_wconf 93' lang='lat' dir='ltr'><strong>id</strong></span> <span class='ocrx_word' id='word_1_261' title='bbox 952 2805 997 2861; x_wconf 87' lang='lat' dir='ltr'><strong>est</strong></span> <span class='ocrx_word' id='word_1_262' title='bbox 1010 2819 1097 2862; x_wconf 75' lang='lat' dir='ltr'><strong>eauc-</strong></span> 
     </span>
     <span class='ocr_line' id='line_1_31' title="bbox 77 2890 1142 2968; baseline -0.005 -18"><span class='ocrx_word' id='word_1_263' title='bbox 77 2891 154 2966; x_wconf 77' lang='lat' dir='ltr'><strong>fleia,</strong></span> <span class='ocrx_word' id='word_1_264' title='bbox 177 2910 239 2950; x_wconf 89' lang='lat' dir='ltr'><strong>uno</strong></span> <span class='ocrx_word' id='word_1_265' title='bbox 260 2891 383 2951; x_wconf 83' lang='lat' dir='ltr'><strong>vulnere</strong></span> <span class='ocrx_word' id='word_1_266' title='bbox 405 2892 556 2951; x_wconf 89' lang='lat' dir='ltr'><strong>modicum</strong></span> <span class='ocrx_word' id='word_1_267' title='bbox 577 2892 697 2963; x_wconf 84' lang='lat' dir='ltr'><strong>incidat,</strong></span> <span class='ocrx_word' id='word_1_268' title='bbox 720 2893 756 2950; x_wconf 92' lang='lat' dir='ltr'><strong>ut</strong></span> <span class='ocrx_word' id='word_1_269' title='bbox 777 2890 859 2950; x_wconf 88' lang='lat' dir='ltr'><strong>tabes</strong></span> <span class='ocrx_word' id='word_1_270' title='bbox 882 2891 994 2951; x_wconf 88' lang='lat' dir='ltr'><strong>ibidem</strong></span> <span class='ocrx_word' id='word_1_271' title='bbox 1015 2911 1098 2968; x_wconf 81' lang='lat' dir='ltr'><strong>egre-</strong></span> <span class='ocrx_word' id='word_1_272' title='bbox 1114 2900 1142 2945; x_wconf 80' lang='lat' dir='ltr'><strong>eo</strong></span> 
     </span>
     <span class='ocr_line' id='line_1_32' title="bbox 79 2979 526 3051; baseline 0.004 -12"><span class='ocrx_word' id='word_1_273' title='bbox 79 2979 192 3051; x_wconf 78' lang='lat' dir='ltr'><strong>dietat,</strong></span> <span class='ocrx_word' id='word_1_274' title='bbox 215 2983 246 3040; x_wconf 90' lang='lat' dir='ltr'><strong>et</strong></span> <span class='ocrx_word' id='word_1_275' title='bbox 266 2980 374 3039; x_wconf 88' lang='lat' dir='ltr'><strong>melius</strong></span> <span class='ocrx_word' id='word_1_276' title='bbox 395 2980 526 3041; x_wconf 87' lang='lat' dir='ltr'><strong>habebit.</strong></span> 
     </span>
    </p>

    <p class='ocr_par' dir='ltr' id='par_1_5' title="bbox 79 3061 1102 3324">
     <span class='ocr_line' id='line_1_33' title="bbox 148 3061 1101 3149; baseline 0.001 -22"><span class='ocrx_word' id='word_1_277' title='bbox 148 3069 195 3128; x_wconf 87' lang='lat' dir='ltr'><strong>De</strong></span> <span class='ocrx_word' id='word_1_278' title='bbox 226 3070 360 3130; x_wconf 79' lang='lat' dir='ltr'><strong>dentium</strong></span> <span class='ocrx_word' id='word_1_279' title='bbox 384 3070 536 3141; x_wconf 74' lang='lat' dir='ltr'><strong>firmitate.</strong></span> <span class='ocrx_word' id='word_1_280' title='bbox 583 3061 675 3149; x_wconf 77' lang='lat' dir='ltr'><strong>³)uui</strong></span> <span class='ocrx_word' id='word_1_281' title='bbox 698 3086 784 3128; x_wconf 87' lang='lat' dir='ltr'><strong>sanos</strong></span> <span class='ocrx_word' id='word_1_282' title='bbox 812 3072 842 3128; x_wconf 88' lang='lat' dir='ltr'><strong>et</strong></span> <span class='ocrx_word' id='word_1_283' title='bbox 868 3070 970 3129; x_wconf 86' lang='lat' dir='ltr'><strong>firmos</strong></span> <span class='ocrx_word' id='word_1_284' title='bbox 999 3070 1101 3128; x_wconf 89' lang='lat' dir='ltr'><strong>dentes</strong></span> 
     </span>
     <span class='ocr_line' id='line_1_34' title="bbox 79 3157 1102 3235; baseline 0 -19"><span class='ocrx_word' id='word_1_285' title='bbox 79 3157 190 3218; x_wconf 88' lang='lat' dir='ltr'><strong>habere</strong></span> <span class='ocrx_word' id='word_1_286' title='bbox 212 3159 287 3232; x_wconf 82' lang='lat' dir='ltr'><strong>vult,</strong></span> <span class='ocrx_word' id='word_1_287' title='bbox 310 3158 341 3216; x_wconf 93' lang='lat' dir='ltr'><strong>in</strong></span> <span class='ocrx_word' id='word_1_288' title='bbox 363 3178 456 3233; x_wconf 90' lang='lat' dir='ltr'><strong>mane,</strong></span> <span class='ocrx_word' id='word_1_289' title='bbox 481 3177 549 3218; x_wconf 89' lang='lat' dir='ltr'><strong>cum</strong></span> <span class='ocrx_word' id='word_1_290' title='bbox 572 3157 608 3216; x_wconf 93' lang='lat' dir='ltr'><strong>de</strong></span> <span class='ocrx_word' id='word_1_291' title='bbox 630 3159 707 3217; x_wconf 89' lang='lat' dir='ltr'><strong>lecto</strong></span> <span class='ocrx_word' id='word_1_292' title='bbox 730 3176 785 3218; x_wconf 88' lang='lat' dir='ltr'><strong>suo</strong></span> <span class='ocrx_word' id='word_1_293' title='bbox 808 3159 919 3235; x_wconf 84' lang='lat' dir='ltr'><strong>surgit,</strong></span> <span class='ocrx_word' id='word_1_294' title='bbox 942 3177 1049 3235; x_wconf 90' lang='lat' dir='ltr'><strong>puram</strong></span> <span class='ocrx_word' id='word_1_295' title='bbox 1072 3161 1102 3216; x_wconf 91' lang='lat' dir='ltr'><strong>et</strong></span> 
     </span>
     <span class='ocr_line' id='line_1_35' title="bbox 79 3247 1101 3324; baseline -0.002 -18"><span class='ocrx_word' id='word_1_296' title='bbox 79 3247 225 3324; x_wconf 80' lang='lat' dir='ltr'><strong>frigidam</strong></span> <span class='ocrx_word' id='word_1_297' title='bbox 253 3267 362 3324; x_wconf 85' lang='lat' dir='ltr'><strong>aquam</strong></span> <span class='ocrx_word' id='word_1_298' title='bbox 389 3247 421 3306; x_wconf 91' lang='lat' dir='ltr'><strong>in</strong></span> <span class='ocrx_word' id='word_1_299' title='bbox 452 3265 484 3306; x_wconf 89' lang='lat' dir='ltr'><strong>os</strong></span> <span class='ocrx_word' id='word_1_300' title='bbox 517 3265 606 3307; x_wconf 89' lang='lat' dir='ltr'><strong>suum</strong></span> <span class='ocrx_word' id='word_1_301' title='bbox 636 3250 735 3307; x_wconf 83' lang='lat' dir='ltr'><strong>sumet</strong></span> <span class='ocrx_word' id='word_1_302' title='bbox 761 3250 792 3306; x_wconf 89' lang='lat' dir='ltr'><strong>et</strong></span> <span class='ocrx_word' id='word_1_303' title='bbox 813 3248 857 3307; x_wconf 86' lang='lat' dir='ltr'><strong>ita</strong></span> <span class='ocrx_word' id='word_1_304' title='bbox 879 3266 932 3323; x_wconf 91' lang='lat' dir='ltr'><strong>per</strong></span> <span class='ocrx_word' id='word_1_305' title='bbox 954 3247 1101 3305; x_wconf 88' lang='lat' dir='ltr'><strong>modicam</strong></span> 
     </span>
    </p>
   </div>
   <div class='ocr_carea' id='block_1_3' title="bbox 79 3452 1100 3597">
    <p class='ocr_par' dir='ltr' id='par_1_6' title="bbox 79 3452 1100 3597">
     <span class='ocr_line' id='line_1_36' title="bbox 154 3452 1100 3526; baseline -0.003 -18"><span class='ocrx_word' id='word_1_306' title='bbox 154 3453 177 3522; x_wconf 84' lang='grc'><strong>1)</strong></span> <span class='ocrx_word' id='word_1_307' title='bbox 186 3472 213 3509; x_wconf 78' lang='lat' dir='ltr'><strong>v.</strong></span> <span class='ocrx_word' id='word_1_308' title='bbox 220 3453 326 3508; x_wconf 80' lang='lat'>14-22</span> <span class='ocrx_word' id='word_1_309' title='bbox 336 3479 371 3499; x_wconf 84' lang='lat'><em>=</em></span> <span class='ocrx_word' id='word_1_310' title='bbox 381 3454 477 3526; x_wconf 82' lang='lat' dir='ltr'><strong>Migne</strong></span> <span class='ocrx_word' id='word_1_311' title='bbox 489 3454 601 3508; x_wconf 78' lang='lat'>11721).</span> <span class='ocrx_word' id='word_1_312' title='bbox 612 3485 646 3493; x_wconf 86' lang='lat'><em>-</em></span> <span class='ocrx_word' id='word_1_313' title='bbox 657 3452 717 3523; x_wconf 66' lang='lat' dir='ltr'><strong>ev.</strong></span> <span class='ocrx_word' id='word_1_314' title='bbox 729 3453 833 3508; x_wconf 80' lang='lat' dir='ltr'><strong>ee-er</strong></span> <span class='ocrx_word' id='word_1_315' title='bbox 848 3479 880 3500; x_wconf 81' lang='lat'>=</span> <span class='ocrx_word' id='word_1_316' title='bbox 891 3472 919 3523; x_wconf 82' lang='lat' dir='ltr'><strong>p.</strong></span> <span class='ocrx_word' id='word_1_317' title='bbox 932 3453 1055 3519; x_wconf 54' lang='lat' dir='ltr'><strong>mesta</strong></span> <span class='ocrx_word' id='word_1_318' title='bbox 1068 3479 1100 3497; x_wconf 87' lang='lat'>=</span> 
     </span>
     <span class='ocr_line' id='line_1_37' title="bbox 79 3524 1070 3597; baseline -0.004 -17"><span class='ocrx_word' id='word_1_319' title='bbox 79 3525 179 3596; x_wconf 54' lang='lat' dir='ltr'><strong>uuae</strong></span> <span class='ocrx_word' id='word_1_320' title='bbox 198 3524 314 3583; x_wconf 81' lang='lat' dir='ltr'><strong>neec.</strong></span> <span class='ocrx_word' id='word_1_321' title='bbox 338 3557 372 3565; x_wconf 90' lang='lat'>-</span> <span class='ocrx_word' id='word_1_322' title='bbox 390 3524 413 3597; x_wconf 74' lang='lat'><strong>³)</strong></span> <span class='ocrx_word' id='word_1_323' title='bbox 433 3544 460 3581; x_wconf 76' lang='lat' dir='ltr'><strong>v.</strong></span> <span class='ocrx_word' id='word_1_324' title='bbox 478 3525 561 3580; x_wconf 82' lang='lat' dir='ltr'><strong>se-</strong></span> <span class='ocrx_word' id='word_1_325' title='bbox 574 3543 602 3595; x_wconf 78' lang='lat' dir='ltr'><strong>p.</strong></span> <span class='ocrx_word' id='word_1_326' title='bbox 622 3527 696 3595; x_wconf 56' lang='lat'><strong>174„</strong></span> <span class='ocrx_word' id='word_1_327' title='bbox 716 3550 748 3570; x_wconf 90' lang='lat'>=</span> <span class='ocrx_word' id='word_1_328' title='bbox 768 3525 865 3596; x_wconf 67' lang='lat' dir='ltr'><strong>urguo</strong></span> <span class='ocrx_word' id='word_1_329' title='bbox 885 3524 955 3578; x_wconf 80' lang='lat' dir='ltr'><strong>mu</strong></span> <span class='ocrx_word' id='word_1_330' title='bbox 973 3524 1070 3578; x_wconf 81' lang='lat' dir='ltr'><strong>e-c.</strong></span> 
     </span>
    </p>
   </div>
   <div class='ocr_carea' id='block_1_4' title="bbox 0 0 1234 3862">
    <p class='ocr_par' dir='ltr' id='par_1_7' title="bbox 0 0 1234 3862">
     <span class='ocr_line' id='line_1_38' title="bbox 0 0 1234 3862; baseline 0 1"><span class='ocrx_word' id='word_1_331' title='bbox 0 0 1234 3862; x_wconf 95' lang='lat' dir='ltr'><strong> </strong></span> 
     </span>
    </p>
   </div>
  </div>
 </body>
</html>
