2460 3862
127 153 168 212 24
514 145 760 203 HILDEGARDIS

126 331 265 393 firmitate
297 332 474 405 laederetur;
508 332 559 392 sed
591 335 621 391 et
650 333 674 392 si
707 331 829 409 quidam
862 332 976 408 lapides
1011 333 1145 393 eiusdem

127 441 230 481 arenae
253 422 374 481 effluere
395 423 533 495 valerent,
557 441 591 482 eo
615 422 697 498 qnod
718 422 808 481 homo
832 441 882 481 eos
904 420 1013 481 habere
1033 428 1147 500 posset,

126 512 320 588 infirmitates,
330 514 425 587 pestes
437 515 467 570 et
477 512 649 586 putredines
665 510 701 569 ab
716 530 749 571 eo
766 512 913 588 fugarent.
940 510 997 570 Sed
1009 531 1088 588 aqua
1102 512 1146 570 ibi

126 605 188 661 tam
210 620 318 677 magna
340 604 370 660 et
392 604 454 660 tam
476 600 627 676 profunda
647 603 698 676 est,
723 601 803 676 quod
818 600 920 660 haberi
935 617 994 659 non
1009 605 1146 676 possunt.

99 702 114 747 5
193 690 238 750 De
260 690 356 751 muris
378 690 546 763 efflatione.
591 689 631 747 Et
658 691 798 766 quoniam
826 689 858 748 in
890 689 1002 749 oriente
1034 709 1147 768 magna

126 779 315 854 profunditas
338 798 442 839 arenae
466 781 497 840 et
516 779 613 839 litoris
636 783 688 851 est,
711 780 820 839 ideireo
842 798 924 838 mare
943 778 1148 854 superhabun-

127 867 224 927 dando
247 871 330 928 etse
353 867 502 928 dilatando
525 868 568 927 ibi
590 887 649 928 non
672 868 780 941 effluit3
807 870 841 926 in
869 868 1020 928 oaoidente
1043 871 1147 928 eutem

129 961 159 1016 et
181 958 213 1016 in
235 961 337 1017 austro
360 977 394 1018 ao
416 959 448 1016 in
471 958 610 1034 aquilone
626 960 709 1017 tanta
730 957 922 1034 profunditas
941 976 1098 1016 arenarum
1116 961 1148 1017 51

125 1047 222 1106 litoris
244 1066 302 1107 non
326 1050 378 1110 551.
412 1044 483 1106 Ideo
505 1047 549 1105 ibi
571 1048 744 1107 multotiens
767 1047 863 1106 effluit
885 1064 1007 1124 magnas
1023 1049 1053 1105 et
1068 1048 1147 1107 latas

86 1146 114 1192 10
127 1136 283 1195 effusiones
305 1135 347 1195 ibi
370 1136 488 1211 faciens,
512 1155 578 1195 aum
602 1136 639 1194 ab
655 1137 723 1214 igne
738 1137 938 1212 procellarum
953 1136 984 1194 in
1000 1136 1148 1194 insaniam

126 1227 336 1301 commovetur,
359 1227 395 1284 nt
417 1225 603 1300 praedictum
625 1229 678 1288 est.
708 1224 793 1286 Unde
808 1226 852 1284 ibi
866 1226 964 1284 multa
979 1224 1100 1284 inutilia
1117 1227 1147 1284 et

125 1313 244 1373 sordida
266 1314 297 1372 in
319 1332 349 1374 55
373 1314 486 1391 colligit
508 1318 597 1390 atque
620 1315 790 1390 putredines
806 1315 970 1390 hominum,
994 1332 1151 1389 pecorum,

127 1403 226 1463 avium
256 1405 286 1462 et
317 1403 464 1463 vermium
493 1404 550 1464 sibi
584 1404 717 1466 attrahit.
770 1404 810 1462 Et
843 1403 953 1463 ideireo
986 1404 1083 1462 fontes
1117 1407 1148 1463 et

125 1492 256 1565 flumina,
280 1511 356 1568 quae
373 1493 409 1551 de
423 1494 561 1568 partibus
576 1493 642 1552 istis
659 1494 694 1552 de
709 1494 785 1552 mari
801 1493 936 1568 effluunt,
952 1495 1015 1550 tam
1031 1497 1149 1552 sanast

86 1593 114 1637 15
129 1585 191 1640 tam
205 1581 282 1641 bona
297 1600 355 1641 non
370 1585 440 1641 sunt
454 1583 532 1642 sieut
546 1582 607 1657 illa,
624 1602 698 1658 quae
715 1582 750 1641 de
767 1583 904 1642 orientali
919 1582 997 1639 mari
1010 1581 1148 1644 effluunt.

195 1672 242 1731 De
274 1689 422 1744 aquarum
453 1672 629 1731 diversltut.
676 1670 752 1731 Nam
786 1672 855 1731 55151
887 1673 984 1730 1511155
1018 1673 1048 1729 51
1076 1671 1148 1730 salsi

125 1759 225 1831 rivuli,
248 1761 301 1835 qui
324 1780 358 1820 ex
381 1779 459 1836 aqua
480 1761 534 1818 illa
557 1761 707 1820 orientalis
729 1761 835 1837 plagae
857 1761 889 1819 in
912 1760 1034 1820 diversis
1057 1760 1148 1819 terris

126 1848 254 1908 saliendo
278 1849 416 1925 effluunt,
448 1849 519 1923 puri
541 1853 611 1908 sunt
634 1852 664 1908 et
692 1851 855 1910 secundum
883 1869 979 1908 aerem
1004 1848 1039 1907 de
1063 1851 1146 1925 puri·

125 1941 186 1997 tate
210 1938 263 1995 illa
286 1939 473 2014 aliquantum
496 1939 606 1998 virides
629 1944 707 2002 511111.
740 1940 780 1998 Et
799 1940 831 1998 in
847 1959 943 2014 arena,
967 1938 1021 1997 ubi
1036 1937 1146 2008 fluunt,

84 2027 156 2085 25111
184 2026 279 2104 guttis
307 2028 418 2087 saliunt
448 2031 477 2087 et
505 2028 568 2087 sani
597 2032 628 2087 et
649 2029 739 2088 utiles
762 2032 833 2088 sunt
856 2032 886 2088 et
914 2029 1042 2102 inpetu
1066 2028 1146 2086 sumi

124 2118 248 2192 possunt
280 2120 310 2176 et
341 2117 430 2176 etiam
463 2117 501 2175 ed
532 2119 718 2192 coquendum
749 2118 847 2177 eibum
874 2118 946 2176 boni
981 2119 1059 2176 sunt.
1105 2117 1147 2175 ut

125 2205 224 2281 homo,
258 2206 311 2283 qui
332 2205 468 2265 infirmus
496 2208 547 2278 est,
580 2207 605 2265 si
628 2225 719 2282 aquas
741 2207 808 2266 illas
831 2208 1002 2282 frequenter
1024 2204 1146 2278 biberit,

124 2295 281 2354 sanitatem
312 2296 425 2370 recipit,
459 2294 539 2371 quod
572 2296 703 2368 fumum,
734 2297 881 2355 foetorem
904 2297 934 2354 et
955 2293 1147 2370 putredinem

123 2385 271 2444 malorum
293 2385 455 2443 humorum
478 2385 562 2444 velut
584 2385 695 2444 bonum
718 2389 912 2462 unguentum
939 2384 975 2442 ab
1004 2402 1038 2442 eo
1062 2383 1144 2442 aufe-

84 2483 111 2529 25
124 2477 203 2536 runt.
248 2473 280 2533 Si
313 2477 413 2533 autem
446 2474 477 2532 in
507 2492 629 2548 corpore
656 2493 745 2533 sanus
778 2477 830 2547 est,
867 2494 935 2533 eum
958 2473 1147 2548 aliquantum

123 2563 254 2639 laedunt,
277 2563 302 2622 si
324 2582 372 2623 eas
395 2562 511 2635 biberit,
536 2567 566 2622 et
580 2563 626 2621 1111
641 2563 741 2623 ulaera
755 2563 881 2623 interius
899 2563 1039 2634 inferunt,
1065 2563 1146 2638 quod

124 2652 155 2710 in
178 2671 212 2712 eo
235 2672 294 2711 non
317 2653 480 2729 inveniunt,
504 2652 584 2728 quod
608 2656 746 2729 purgent.
776 2652 882 2728 Aquae
898 2671 968 2712 vero
984 2651 1146 2710 fluminum

124 2744 154 2799 et
175 2741 340 2800 viventium
368 2760 402 2800 55
425 2743 593 2802 salientium
616 2742 755 2816 fontium,
785 2743 838 2817 qui
865 2742 896 2801 in
926 2740 1025 2800 eadem
1051 2740 1146 2799 orien-

123 2829 178 2888 tali
212 2830 302 2906 plaga
335 2831 446 2906 absque
478 2849 582 2907 sapore
615 2831 682 2890 salis
719 2832 858 2890 oriuntur
896 2835 926 2891 51
957 2831 994 2890 ab
1032 2829 1146 2889 oriente

83 2918 237 2993 3011115111,
269 2919 339 2992 puri
370 2923 440 2978 sunt
471 2938 649 2996 suavemque
680 2922 809 2979 colorem
837 2921 922 2980 suavi
949 2919 1061 2996 frigore
1095 2918 1145 2977 ad·

123 3007 224 3066 1115515
252 3006 372 3079 habent,
411 3008 454 3066 ita
486 3009 565 3084 quod
595 3002 757 3084 temperate
805 3010 916 3069 calidae
954 3013 983 3068 et
1016 3007 1146 3084 frigidae

124 3100 194 3155 sunt
216 3098 245 3154 et
267 3096 357 3155 utiles
380 3096 547 3157 hominibus
573 3098 610 3156 ad
637 3099 745 3175 eibum,
768 3098 806 3157 ad
832 3101 946 3175 potum,
971 3097 1008 3156 ad
1031 3096 1145 3173 balnea,

123 3185 161 3244 ed
183 3185 352 3247 lavandum.
400 3185 458 3246 Sed
480 3187 512 3244 in
534 3187 672 3246 manibus
688 3188 875 3264 aliquantum
896 3206 976 3246 aeres
999 3190 1030 3245 et
1052 3186 1145 3244 durae

123 3277 203 3335 sunt.
237 3274 294 3334 Sed
306 3276 397 3335 salsae
409 3295 510 3352 aquae,
528 3295 603 3352 quae
619 3277 655 3336 ab
670 3278 819 3337 occidente
830 3277 936 3352 fluunt,
953 3276 1145 3355 aliquantum

87 3374 114 3420 35
127 3363 265 3424 turbidae
289 3368 359 3424 sunt
385 3369 421 3424 111
442 3365 544 3438 11111)ο;
578 3368 608 3424 51
638 3366 720 3426 5111115
747 3367 867 3442 quidem
896 3385 964 3425 511111
992 3365 1033 3424 515
1056 3364 1145 3440 coqui

123 3456 229 3529 potest,
254 3454 325 3530 quia
346 3473 400 3530 per
421 3454 519 3532 ignem
540 3455 726 3532 aliquantum
750 3457 781 3514 in
804 3456 935 3515 eootione
957 3457 1145 3532 purgantur;

115 3542 157 3597 ad
172 3546 285 3616 potum
314 3547 416 3604 autem
441 3544 549 3604 crudae
565 3549 701 3622 sumptae
716 3545 836 3606 nocivae
852 3548 929 3621 sunt,
954 3545 1095 3622 quoniam
1110 3544 1143 3602 in
