2460 3862
120 133 184 194 192
508 124 754 182 HILDEGARDIS
776 152 780 159 ·

119 312 285 390 requiescat
317 314 347 370 et
380 309 485 370 deinde
512 327 636 386 surgens
662 308 718 369 hac
746 311 777 368 et
802 308 872 368 illac
898 307 1012 369 modice
1032 307 1106 367 deen-

119 401 212 474 bulet,
234 402 278 460 ita
299 403 407 476 tamen,
431 419 468 459 ne
489 399 587 477 frigus
608 398 750 474 patiatur.

186 491 232 550 Dc
254 491 362 553 diaeta.
406 489 480 549 Post
501 489 681 548 solutionem
711 491 811 547 autem
840 486 993 547 triticeum
1021 499 1110 562 panem,

120 599 179 640 non
202 579 321 654 siccum,
343 579 394 639 sed
416 579 445 637 in
463 577 654 638 sobriuncula
668 578 827 637 intinctum
843 575 979 636 comedat
992 579 1021 635 et
1035 572 1110 652 pullos

95 681 109 726 5
121 669 300 746 gallinarum
332 672 362 728 et
391 668 527 745 porcinas
558 685 658 727 carnes
685 669 776 743 atque
808 666 880 725 alias
907 684 1012 726 suaves
1033 675 1111 723 earnes

122 758 201 830 edat,
235 776 372 835 grossum
395 759 496 816 autem
518 776 625 834 panem
652 758 683 815 et
710 755 833 816 bovinas
860 773 963 815 carnes
989 757 1020 815 et
1039 752 1112 830 pisces

122 851 152 906 et
175 848 248 907 alios
271 865 390 924 grossos
413 846 494 907 cibos
517 849 548 905 et
570 864 649 904 assos
672 845 800 922 exceptis
823 844 895 904 assis
917 844 992 920 piris
1015 841 1115 911 devitet,

122 939 152 996 et
181 955 199 995 a
230 954 313 997 caseo
345 939 375 996 et
407 956 424 994 a
454 936 553 995 crudis
586 934 717 994 oleribus
745 937 836 1011 atque
863 933 964 994 crudis
987 930 1077 1010 pomis
1093 945 1116 988 se

122 1025 274 1101 abstineat,
297 1025 402 1084 vinum
417 1027 525 1100 autem,
549 1024 599 1083 sed
621 1026 721 1082 tamen
736 1021 859 1095 modice,
879 1021 964 1082 bibat
984 1028 1015 1083 et
1029 1037 1118 1098 aquam

82 1125 111 1171 ιο
124 1115 264 1179 dimittat.
310 1113 484 1173 claritatem
512 1131 632 1190 quoque
661 1113 731 1172 solis
759 1115 790 1172 et
815 1111 894 1189 ignis
916 1112 1017 1189 fugiat
1044 1107 1121 1172 etsie
1171 1144 1173 1155 ·

123 1207 260 1280 perires
283 1202 345 1263 dies
366 1202 438 1262 haec
460 1203 605 1264 observet.

188 1293 290 1372 [Nihil
311 1293 425 1363 inveni,
449 1292 527 1350 alell
540 1290 674 1368 scripsiJ
713 1289 823 1366 Accipe
842 1291 926 1350 iecur
939 1290 1029 1366 piscis
1048 1288 1125 1361 illiue,

123 1383 177 1458 qui
198 1382 290 1442 wclrc
313 1381 431 1456 dicitur,
455 1383 485 1440 et
507 1380 589 1458 ligno
610 1380 646 1439 de
668 1379 736 1438 tilia
751 1397 916 1456 superpone
931 1381 962 1438 et
975 1381 1051 1439 tunc
1069 1378 1128 1456 igne

18 1504 21 1508 Δ
123 1474 201 1531 i'acto
224 1471 341 1549 lignum
364 1469 446 1530 istud
469 1488 538 1529 cum
560 1470 664 1530 eodem
682 1469 777 1528 iecore
793 1468 983 1544 supervives
998 1467 1130 1528 carbones

84 1572 110 1616 15
122 1580 206 1636 pone,
234 1564 269 1619 ut
296 1560 379 1619 iecur
400 1559 477 1618 illud
500 1559 674 1633 exsiccetur,
709 1559 751 1618 sic
777 1560 890 1633 tamen,
920 1576 958 1617 ne
985 1557 1087 1617 fumus
1105 1558 1132 1615 et

122 1651 241 1708 flamma
263 1650 395 1708 eiusdem
410 1648 488 1726 ignis
510 1648 593 1707 iecur
608 1647 691 1706 istud
713 1649 825 1723 tangat,
847 1650 878 1706 et
899 1651 962 1706 tam
984 1646 1041 1707 diu
1062 1645 1134 1706 idem

123 1739 205 1798 iecur
237 1738 376 1798 exsiccari
409 1737 562 1815 permitte,
602 1737 674 1796 dum
708 1735 886 1796 exsiccatum
920 1736 952 1795 in
986 1737 1133 1813 pulverem

123 1827 257 1903 redigere
286 1827 389 1902 possis.
434 1826 520 1897 Quod
551 1826 577 1885 si
606 1826 724 1904 lignum
753 1824 830 1884 illud
856 1825 977 1885 interim
1006 1827 1044 1886 ab
1071 1825 1135 1903 igne

124 1916 256 1975 consumi
278 1916 400 1991 rideris,
432 1919 591 1992 antequam
613 1915 696 1976 iecur
718 1914 892 1992 exsiccetur,
924 1919 998 1975 tunc
1029 1916 1135 1976 iterum

83 2005 181 2065 stelio
214 2005 345 2064 eiusdem
377 2005 491 2082 generis
519 2003 596 2064 illud
617 2023 792 2080 superpone.
837 2004 876 2064 m
898 2008 1063 2082 postquam
1089 2025 1135 2064 ex·

124 2095 265 2154 siccatum
288 2094 391 2167 fuerit,
413 2094 445 2152 in
466 2094 620 2170 pulverem
643 2093 755 2170 redige.
799 2092 912 2154 Deinde
935 2093 1009 2153 tolle
1032 2113 1134 2155 nucem

123 2187 286 2244 muscatam
318 2187 348 2242 et
379 2183 580 2261 fenigraecum
611 2185 641 2242 et
672 2183 744 2242 haec
774 2201 865 2258 super
891 2184 1041 2258 praestem
1071 2185 1136 2262 igne

122 2274 236 2334 modice
259 2273 435 2333 calefactum
458 2273 533 2332 sicca
556 2275 587 2331 et
607 2272 639 2331 in
666 2272 820 2349 pulverem
847 2271 960 2350 redige.
1006 2272 1048 2332 st
1068 2277 1137 2333 tuuc

122 2364 277 2438 pulverem
300 2363 393 2422 istum
416 2364 446 2421 et
468 2362 564 2433 illum,
592 2380 682 2438 quem
704 2359 858 2421 deiecere
880 2361 1030 2438 praedicti
1051 2363 1136 2439 piscis

85 2452 230 2523 refecisti,
253 2453 283 2510 in
306 2452 479 2527 panniolum
502 2450 592 2510 simul
615 2451 677 2528 liga
698 2451 815 2510 modico
837 2469 940 2511 musco
963 2450 1077 2524 addito,
1098 2453 1137 2512 ita

124 2542 203 2617 quod
225 2541 396 2616 praedictus
418 2540 518 2615 pulvis
542 2540 577 2598 de
600 2539 696 2600 iecore
715 2539 803 2600 wclrc
824 2539 922 2600 factus
943 2540 1046 2602 tribus
1072 2561 1135 2620 par·

122 2629 203 2689 tibus
230 2631 385 2706 pulverem
412 2629 495 2688 nucis
522 2637 672 2689 muscatae
706 2627 838 2702 excedat,
868 2633 899 2689 et
928 2631 1011 2707 quod
1042 2631 1137 2708 pulvis

122 2719 282 2796 fenigraeci
305 2721 407 2777 tantus
429 2719 478 2793 sit,
505 2723 542 2777 nt
563 2718 664 2794 pulvis
686 2719 814 2793 praefati
836 2718 955 2796 iecoris,
988 2723 1021 2779 et
1042 2724 1138 2782 tecum

125 2827 239 2883 semper
260 2812 357 2885 porte,
380 2810 410 2866 et
432 2807 532 2883 pulvis
554 2807 610 2867 iste
632 2807 789 2867 sanitatem
811 2808 944 2883 corporis
959 2809 1008 2869 tui
1024 2811 1136 2870 retinet.

86 2906 114 2952 30
193 2898 240 2957 Dc
255 2898 482 2958 incontinentia.
515 2889 855 2974 1)sih0m0a1iquand0
875 2897 918 2957 ita
939 2897 972 2957 in
987 2897 1136 2960 delectati·

123 3005 177 3045 one
193 2989 405 3061 commovetur,
430 2985 510 3062 quod
527 3004 632 3061 spuma
646 2984 684 3045 ad
699 2987 860 3046 articulum
875 2986 1061 3049 demissionis
1076 3007 1136 3066 per·

121 3075 248 3149 venerit,
279 3075 330 3133 sed
361 3081 461 3135 tamen
493 3074 573 3133 intra
603 3075 633 3133 in
666 3094 789 3152 corpore
813 3076 918 3152 aliquo
950 3077 1040 3138 modo
1073 3096 1136 3139 con·

122 3165 234 3223 tinente
251 3166 366 3222 retenta
378 3164 479 3235 fuerit,
496 3164 609 3222 atinde
624 3164 676 3223 ille
692 3164 836 3224 infirmari
851 3152 1007 3241 inceperit,
1023 3167 1137 3227 rutham

123 3259 153 3313 el
178 3253 329 3312 modicum
352 3254 451 3312 minus
475 3253 511 3311 de
535 3253 681 3313 absinthio
706 3254 833 3329 accipiat
855 3257 885 3313 et
900 3273 1023 3314 succum
1040 3275 1139 3316 earum

85 3352 111 3397 sc
124 3345 269 3419 exprimat
295 3345 326 3401 et
348 3343 418 3402 huic
440 3360 526 3402 succo
549 3361 704 3402 zuccarum
729 3347 759 3402 et
780 3343 850 3420 plns
873 3343 1028 3422 demens,
1052 3364 1139 3422 quam

198 3535 219 3606 ι)
239 3553 265 3590 v.
285 3534 404 3605 ec-p.
420 3533 491 3600 mea
511 3557 545 3577 =
564 3533 659 3604 Migne
680 3532 896 3589 llaec-1156
914 3535 948 3590 a,
