2460 3862
334 124 477 182 CAUSAE
495 126 542 181 ET
561 126 681 182 OURAE
700 127 767 184 LIB.
786 127 821 183 Π.
1040 135 1082 193 49

64 315 129 370 tam
152 312 245 370 fortes
268 313 371 370 contra
393 329 485 386 aquas
507 314 578 370 sunt
600 312 678 370 siout
699 312 805 388 nubes,
835 312 878 370 ita
906 312 986 388 quod
1015 313 1084 389 igne

64 404 94 460 et
118 401 269 461 coloribus
301 400 363 459 suis
393 418 486 477 aquas
517 401 658 476 sustinet,
688 403 725 459 ut
754 403 817 460 rete
845 401 939 476 pisces
966 401 1083 474 retinet,

63 509 100 549 na
128 490 166 549 de
194 508 224 548 se
255 489 389 551 effluant.
433 489 473 547 Et
495 493 563 566 post
586 490 737 549 diluvium
764 491 859 550 maior
885 491 1030 566 sapientia
1054 494 1084 550 et

63 580 193 638 maiores
224 579 352 638 virtutes
383 578 478 637 factae
508 582 578 638 sunt
608 580 640 638 in
669 580 841 639 hominibus
877 599 968 655 quam
999 581 1084 656 prius

64 665 192 728 fuissent
214 671 244 726 et
266 667 480 744 apparuissent.
518 669 596 727 Ante
620 669 768 728 diluvium
792 671 893 727 autem
915 672 980 728 tota
1001 674 1108 729 terrae

62 756 236 817 hominibus
264 759 294 816 at
322 757 423 816 bestiis
453 758 540 833 plena
570 757 642 834 fuit,
673 777 726 817 nec
749 758 835 835 aquis
863 776 916 816 neo
939 759 1021 818 silvis
1044 759 1080 817 ab

64 846 193 906 invicem
215 846 342 922 separati
364 846 495 921 fuerunt,
520 847 592 923 quia
613 846 746 906 nondum
768 866 875 924 magna
890 847 1014 905 fiumina
1029 852 1082 907 aut

63 955 190 1013 magnae
214 935 304 995 silvae
328 937 419 1010 erant,
443 935 493 994 sed
509 939 629 994 tanturn
644 937 741 996 fontes
758 940 787 996 et
802 937 887 1011 parvi
903 937 1003 1009 rivuli,
1028 937 1082 1012 qui

63 1026 153 1084 facile
175 1024 362 1084 transvadari
384 1027 556 1100 potuerunt,
580 1029 610 1084 et
632 1043 728 1100 pauca
751 1045 878 1101 nemora,
903 1045 979 1102 quae
994 1026 1082 1084 facile

63 1113 198 1173 homines
240 1113 489 1176 transcurrebant.
550 1113 608 1173 Sed
654 1119 721 1192 post
767 1115 916 1174 diluvium
960 1115 1082 1190 quidam
1096 1125 1123 1169 10

62 1204 162 1264 fontes
189 1204 219 1261 et
246 1203 369 1280 quidam
395 1203 487 1263 rivuli
518 1205 550 1262 iu
580 1223 689 1281 magna
714 1207 745 1263 et
770 1204 937 1280 periculosa
960 1204 1082 1262 flumina

63 1292 150 1352 effusi
174 1295 251 1368 sunt,
276 1296 306 1351 et
328 1311 453 1369 magnae
476 1293 566 1352 silvae
589 1296 754 1368 creverunt,
785 1292 894 1370 quibus
917 1293 1007 1352 etiam
1028 1293 1080 1352 ho·

63 1382 160 1441 mines
182 1384 214 1440 et
235 1382 347 1441 bestiae
370 1383 498 1457 separati
520 1385 603 1452 sunt,
635 1383 679 1441 ita
707 1383 788 1460 quod
817 1386 922 1459 postea
949 1382 1082 1442 homines
1130 1395 1135 1401 “

63 1471 176 1532 bestias
204 1474 235 1529 et
261 1471 371 1530 bestiae
399 1470 531 1530 homines
554 1472 760 1532 abhorrebant.
798 1470 875 1530 Nam
901 1472 992 1530 etiam
1015 1474 1082 1530 ante

64 1560 217 1620 diluvium
238 1579 297 1619 non
318 1560 406 1636 pluit,
431 1561 482 1619 sed
497 1562 615 1620 tanturn
630 1580 678 1620 ros
694 1565 909 1636 superterram
925 1560 1082 1623 descendit.
1096 1573 1122 1615 15

63 1649 231 1726 Postquam
259 1652 359 1708 autem
382 1651 463 1708 terra
489 1650 609 1725 perfusa
636 1655 681 1710 est
710 1654 740 1709 et
766 1651 883 1711 firmata
909 1650 940 1707 in
969 1650 1082 1710 diluvio

63 1739 159 1814 aquis,
181 1740 262 1797 terra
283 1738 461 1797 naturaliter
484 1740 620 1813 pluviam
642 1758 788 1817 aquarum
810 1740 895 1815 petit.

130 1827 177 1886 De
199 1831 295 1886 terroe
318 1829 388 1887 sito.
419 1827 459 1886 Et
482 1831 561 1887 terra
583 1829 699 1887 modica
722 1832 767 1888 est
789 1832 820 1888 et
841 1847 933 1904 prope
955 1830 1083 1889 fundum

63 1917 244 1975 firmamenti
265 1919 322 1988 est,
356 1916 436 1993 quod
463 1917 488 1975 si
517 1919 549 1975 in
571 1918 668 1977 medio
691 1917 869 1977 firmamenti
891 1920 978 1990 esset,
1011 1922 1083 1978 tuno

64 2025 133 2065 eam
162 2008 313 2079 oporteret
338 2005 481 2065 maiorem
508 2025 569 2066 esse
594 2010 624 2066 et
645 2010 719 2066 tuno
740 2007 831 2066 etiam
853 2007 939 2066 facile
966 2007 1083 2068 caderet
1096 2015 1124 2060 2⁰

64 2097 95 2153 et
125 2094 359 2170 dirumperetur,
397 2097 423 2154 si
453 2098 568 2154 tantam
597 2096 824 2171 amplitudinem
852 2098 928 2156 aeris
963 2097 1017 2156 sub
1052 2116 1082 2156 se

61 2183 196 2259 haberet,
220 2186 362 2260 quantam
387 2203 477 2259 super
504 2203 534 2244 se
561 2185 658 2247 habet.
704 2184 762 2245 Sed
789 2189 819 2245 et
845 2186 910 2261 ipsa
936 2186 974 2244 ad
996 2187 1082 2244 meri·

62 2273 144 2330 diem
176 2274 262 2349 quasi
292 2273 447 2333 descensus
479 2275 588 2334 montis
617 2277 673 2349 est,
709 2276 787 2333 unde
822 2277 913 2335 etiam
948 2275 990 2333 ibi
1020 2295 1082 2333 ma·

60 2362 157 2421 iorem
189 2363 316 2421 calorem
347 2362 383 2421 de
413 2363 475 2423 sole
504 2363 601 2436 habet,
634 2363 705 2439 quia
732 2365 778 2423 sol
807 2368 837 2422 et
863 2364 1083 2422 firmamentum

62 2451 123 2526 ipsi
145 2450 288 2511 viciniora
311 2451 354 2510 ibi
376 2455 454 2511 sunt.
501 2452 550 2511 Ad
572 2453 742 2529 aquilonem
770 2471 841 2513 vero
874 2453 935 2510 alta
962 2456 1006 2511 ast
1033 2452 1081 2510 ad·
1095 2456 1123 2504 25

61 2558 184 2599 versum
210 2558 331 2616 poenae,
360 2544 390 2600 et
413 2542 503 2600 etiarn
530 2541 574 2600 ibi
597 2542 692 2601 maius
716 2542 814 2619 frigus
842 2543 899 2612 est,
932 2542 1003 2619 quia
1029 2560 1082 2602 uec

62 2628 284 2688 firmamentum
306 2648 358 2689 nec
381 2630 426 2689 sol
448 2630 491 2689 ibi
512 2650 605 2706 prope
628 2634 739 2690 terram
761 2633 839 2706 sunt,
862 2630 913 2690 sed
936 2630 1082 2706 quaedam

62 2719 161 2777 maior
183 2719 348 2793 amplitudo
371 2720 558 2783 firmamenti.

131 2808 216 2880 Quod
245 2809 329 2867 dromo
361 2813 475 2868 constat
505 2806 542 2870 de
573 2809 732 2870 elementis.
783 2808 868 2869 Nunc
899 2812 1012 2886 autem,
1046 2814 1083 2870 ut

61 2915 155 2972 supra
176 2896 291 2956 dictum
314 2900 366 2973 est,
391 2898 641 2974 quemadmodum
664 2899 807 2958 elementa
822 2899 969 2958 muudum
992 2900 1081 2959 simul
1095 2905 1123 2951 30

62 2985 229 3061 continent,
262 2987 304 3045 sic
332 2987 423 3045 etiam
454 2988 598 3047 elementa
625 3007 768 3065 compago
792 2989 923 3064 corporis
953 2989 1080 3048 hominis

59 3077 139 3146 sunt,
174 3077 266 3152 atque
293 3075 396 3137 effusio
428 3082 458 3136 et
481 3077 578 3136 officia
607 3096 712 3136 eorum
738 3079 781 3137 ita
809 3097 839 3136 se
868 3078 1006 3138 dividunt
1028 3097 1081 3153 per

59 3163 224 3239 hominem,
256 3169 292 3226 ut
320 3165 442 3225 insimul
469 3167 669 3243 contineatur,
697 3167 781 3227 velut
803 3168 892 3227 etiam
922 3186 976 3243 per
998 3187 1080 3225 mun·

61 3253 134 3312 dum
157 3253 250 3313 eflusa
271 3258 342 3314 suut
364 3259 394 3314 et
421 3259 590 3330 operantur.
635 3256 717 3333 Ignis
740 3257 826 3328 enim,
857 3276 918 3326 aer,
946 3275 1023 3331 aqua
1050 3258 1080 3314 et

58 3345 140 3401 terra
168 3343 201 3401 in
229 3343 348 3403 homine
381 3348 463 3420 sunt,
496 3348 527 3404 et
554 3364 588 3404 ex
615 3345 662 3404 his
686 3348 806 3405 constat.
845 3343 921 3403 Nam
949 3363 984 3403 ex
1006 3345 1076 3421 igne
1093 3352 1121 3399 35

57 3431 150 3492 hebet
177 3433 317 3505 calorem,
349 3453 385 3492 ex
407 3453 473 3493 aare
500 3434 641 3510 halitum,
674 3454 709 3493 ex
737 3454 815 3512 aqua
847 3434 1021 3511 sanguinem
1051 3436 1082 3492 et

54 3540 92 3580 ex
114 3524 196 3581 terra
217 3540 340 3597 carnem,
363 3523 407 3582 ita
430 3523 511 3600 quod
535 3524 631 3586 etiam
663 3525 701 3588 de
723 3525 797 3608 igne
815 3525 916 3587 babet
927 3525 1046 3598 uisum„
1062 3521 1105 3578 bs

104 3627 259 3680 siruamus
272 3641 361 3676 musac
378 3634 404 3678 et
419 3645 496 3684 curae
511 3638 555 3684 ed.
571 3641 701 3690 Kaisar.
973 3630 997 3682 Δί
