2460 3862
126 143 166 202 36
512 133 760 190 HILDEGARDIS

124 340 222 382 semen
245 322 345 380 autem
368 320 424 380 viri
448 320 479 378 in
501 319 565 396 ipsa
587 319 661 378 hora
683 321 786 379 tenue:
809 318 882 377 item
905 319 1015 379 femina
1036 339 1074 380 ex
1088 319 1144 381 hoc

123 411 256 470 nascitur
286 412 409 485 propter
440 409 624 469 debilitatam
655 408 782 469 seminis.
829 406 886 467 Sed
914 408 940 468 si
962 427 1064 468 semen
1086 409 1144 469 viri

124 501 202 560 forte
225 502 281 574 est,
313 499 364 558 sed
386 502 486 558 tamen
507 518 560 559 nec
583 499 630 558 vir
653 497 691 556 ad
713 498 871 557 mulierem
893 516 948 557 nec
970 497 1084 558 mulier
1106 498 1144 557 ad

123 590 224 649 virum
246 607 376 647 amorem
400 589 533 648 caritatis
554 588 656 663 habet,
687 587 837 647 masculus
865 587 934 646 inde
957 589 1143 663 procreatur,

96 677 206 754 equod
228 679 328 736 tamen
349 696 447 737 semen
468 677 546 737 forte
568 677 640 752 fuit,
672 676 723 735 sed
746 695 864 735 amarus
886 695 921 736 ex
944 676 1143 735 amaritudine

123 771 294 843 parentum
327 768 376 826 vel
398 767 424 826 si
447 785 546 826 semen
568 766 626 826 viri
648 768 738 825 tanim
760 767 805 825 est
827 768 858 825 et
879 769 985 825 neuter
1010 766 1048 825 ad
1072 765 1142 825 alte

123 876 191 916 rum
214 875 344 915 amorem
367 856 499 916 caritatis
521 856 553 914 in
574 856 639 930 ipsa
661 854 735 914 hora
758 857 852 930 tenet,
875 854 985 913 femina
1007 856 1143 916 nascitur

123 965 239 1005 amarae
254 945 474 1021 complexionis.
501 944 589 1004 Calor
604 946 705 1004 autem
720 944 890 1016 mulierum,
906 963 982 1020 quae
997 944 1142 1022 pinguem

123 1039 262 1095 naturam
285 1034 407 1106 habent,
439 1053 538 1094 semen
560 1033 618 1094 viri
640 1038 775 1110 superat,
808 1035 851 1094 ita
876 1033 957 1110 quod
979 1033 1078 1093 infans
1100 1052 1140 1094 se

85 1134 113 1179 10
125 1126 256 1184 cundum
279 1123 505 1184 similitudinem
528 1143 632 1183 earum
655 1123 828 1183 multotiens
842 1124 874 1181 in
888 1122 965 1182 facie
981 1123 1140 1183 formatur.

123 1213 181 1273 Sed
204 1214 355 1285 mulieres,
386 1233 462 1288 quae
485 1231 596 1272 macres
618 1213 650 1270 in
673 1216 782 1272 natura
803 1231 858 1272 sua
881 1214 966 1287 sunt,
996 1212 1142 1272 infantem

122 1305 162 1362 ad
184 1303 410 1362 similitudinem
432 1302 527 1378 patris
549 1302 581 1360 in
604 1301 678 1361 facie
701 1301 873 1362 multotiens
896 1304 1052 1378 generant.

190 1393 236 1452 Dc
272 1393 506 1464 infirmitatibus.
567 1390 653 1462 Quod
699 1394 798 1450 autem
842 1390 965 1466 quidam
1008 1390 1142 1450 homines

124 1482 254 1541 diversas
276 1481 462 1541 infirmitates
484 1482 654 1558 patiuntur,
677 1479 733 1540 hoc
757 1481 792 1540 de
815 1481 954 1556 flegmate
978 1481 1032 1555 ast,
1058 1479 1141 1556 quod

84 1577 111 1623 15
123 1573 154 1629 in
169 1571 241 1646 ipsis
256 1571 416 1633 habundat.
447 1569 479 1629 Si
498 1571 576 1629 enim
598 1570 686 1629 homo
710 1570 742 1628 in
761 1569 899 1646 paradiso
920 1568 1139 1644 permansisset,

123 1661 261 1736 flegmata
287 1661 319 1718 in
351 1678 474 1735 corpore
507 1678 560 1718 suo
584 1679 643 1719 non
666 1659 802 1734 haberet,
836 1659 914 1717 unde
944 1658 1040 1716 multa
1064 1658 1142 1716 mala

123 1741 302 1825 procedunt,
332 1748 383 1807 sed
413 1768 481 1808 caro
509 1749 572 1807 aius
602 1749 720 1825 integra
748 1750 824 1807 esset
852 1750 882 1806 et
904 1747 1015 1823 absque
1037 1747 1141 1807 livore.

124 1838 269 1908 Quoniam
293 1841 394 1896 autem
416 1838 494 1897 malo
522 1838 668 1897 consensit
690 1842 721 1897 et
744 1837 856 1896 bonum
875 1836 1011 1912 reliquit,
1035 1836 1142 1896 similis

124 1927 220 1986 factus
252 1930 297 1986 est
325 1929 430 1998 terrae,
464 1945 540 2002 quae
572 1929 602 1984 et
628 1927 720 1986 bonas
748 1929 778 1985 et
804 1926 893 1985 utiles
925 1943 959 1984 ac
986 1925 1082 1985 malas
1114 1928 1144 1985 et

83 2017 243 2075 20inutiles
265 2015 370 2075 herbas
394 2016 503 2092 gignit,
536 2018 662 2090 atquae
686 2017 792 2074 bonam
820 2019 850 2075 et
878 2015 986 2073 malam
1009 2014 1142 2074 humidi·

124 2109 217 2164 tatem
240 2108 270 2164 et
292 2124 414 2165 succum
435 2106 467 2162 in
489 2123 520 2164 se
542 2105 639 2165 habet.
670 2104 745 2163 Nam
768 2104 805 2163 de
827 2108 919 2181 gustu
941 2103 1013 2162 mali
1036 2122 1142 2164 versus

124 2197 169 2254 est
199 2195 319 2271 sanguis
350 2194 482 2253 filiorum
504 2194 587 2252 Adae
616 2194 648 2251 in
676 2213 821 2253 venenum
848 2193 979 2265 seminis,
1013 2192 1049 2251 da
1080 2211 1142 2274 quo

123 2284 178 2342 filii
200 2284 355 2342 hominum
378 2287 580 2358 procreantur.
625 2283 664 2342 Et
690 2283 756 2342 ideo
785 2301 853 2342 caro
882 2300 985 2341 eorum
1008 2282 1143 2340 ulcerata

124 2376 155 2433 et
184 2374 354 2450 perforata·
372 2377 425 2434 est.
482 2372 563 2443 Quae
601 2373 701 2431 ulcera
735 2376 766 2432 et
801 2371 949 2431 foramina
989 2371 1142 2447 quandam

84 2469 111 2514 25
125 2467 329 2540 tempestatem
363 2465 394 2521 et
425 2463 625 2521 humectatem
657 2462 735 2519 fumi
762 2463 793 2519 in
819 2460 989 2520 hominibus
1017 2460 1142 2535 faciunt,

124 2553 160 2612 de
187 2572 245 2628 quo
274 2554 414 2629 flegmata
442 2552 582 2611 oriuntur
609 2553 640 2609 et
667 2550 877 2626 coagulantur,
910 2569 986 2625 quae
1010 2549 1142 2610 diversas

123 2642 308 2701 infirmitates
331 2641 504 2717 corporibus
527 2640 681 2700 hominum
703 2639 847 2700 inferunt.
881 2638 962 2697 Haec
985 2638 1142 2714 deprimo

124 2732 201 2789 malo
217 2732 279 2802 illo,
305 2731 386 2806 quod
401 2731 489 2790 homo
505 2731 637 2805 primum
653 2729 772 2803 incepit
797 2732 863 2788 orta
888 2731 966 2803 sunt,
991 2728 1143 2804 quoniam,

123 2820 149 2877 si
171 2819 267 2877 Adam
291 2820 322 2877 in
349 2821 486 2895 paradiso
509 2818 729 2894 permansisset,
755 2818 953 2877 dulcissimam
984 2817 1143 2877 sanitatem

83 2914 111 2959 30
125 2909 255 2983 optimae
286 2909 445 2968 mansionis
467 2908 600 2979 haberet,
634 2908 717 2966 velut
747 2907 944 2967 fortissimum
973 2906 1143 2967 balsamum

124 2998 273 3071 optimum
295 2997 415 3056 odorem
439 2998 562 3070 amittit;
590 2996 639 3056 sed
667 3000 809 3056 econtra
836 3015 914 3055 nunc
937 2994 1026 3055 homo
1051 2995 1142 3056 habat

123 3087 155 3145 in
177 3105 207 3145 se
231 3105 373 3145 venenum
398 3090 427 3145 et
449 3087 556 3163 flegma
579 3106 613 3146 ac
636 3085 766 3146 diversas
788 3085 984 3144 infirmitates.

190 3176 236 3234 De
259 3177 449 3238 coutinentia.
496 3175 554 3234 Sed
576 3175 699 3252 quidam
721 3175 853 3234 homines
876 3177 959 3250 sunt,
993 3174 1046 3250 qui
1076 3193 1144 3234 eon-

124 3266 252 3325 tinentes
275 3270 353 3341 sunt,
376 3266 401 3324 si
424 3265 538 3337 volunt,
562 3267 588 3324 si
610 3267 711 3323 autem
734 3264 917 3324 continentes
940 3282 1002 3322 esse
1022 3263 1141 3339 nolunt,

82 3361 110 3408 35
123 3357 259 3430 potentes
287 3359 358 3414 sunt
383 3356 414 3412 in
437 3355 590 3414 voluntate
613 3373 675 3416 sua.
721 3354 760 3412 nt
783 3354 865 3413 avari
888 3356 959 3412 sunt
986 3356 1016 3412 et
1043 3353 1138 3414 inabs-

123 3445 248 3504 tinentes
271 3445 302 3502 in
325 3443 506 3522 pinguedine
529 3443 672 3506 ciborum.
718 3442 804 3502 Unde
832 3443 1009 3519 coagulatur
1035 3442 1069 3501 in
1102 3444 1145 3503 cia

118 3534 326 3607 periculosum
356 3538 385 3594 et
412 3552 590 3594 venenosum
621 3552 655 3593 ac
682 3533 810 3608 spissum
839 3537 870 3593 et
892 3533 1004 3592 siecum
1027 3532 1146 3610 flegma,
