2460 3862
344 136 487 211 clUsAu
506 135 552 191 ΕΤ
571 136 694 192 OURAE
712 136 780 190 LIB.
799 136 834 193 V.
1033 142 1096 201 237

81 321 201 379 mcdicfe
229 321 286 379 erit
313 323 344 380 et
369 321 556 398 aliquamdiu
581 321 672 384 vivet.
721 320 754 379 Si
783 323 884 379 aufem
906 321 1016 379 femine
1044 325 1098 395 est,

78 409 164 482 frcclc
196 410 264 482 erit,
295 410 346 469 sed
375 411 493 469 fatncsa
520 412 550 468 et
582 410 678 469 inanis
709 409 853 485 sapientia
881 411 911 468 et
939 411 1099 484 pumudicle

82 499 138 558 erit
165 503 196 557 et
216 499 347 558 taediosa
369 499 540 559 hominibus
555 502 586 557 et
599 517 670 558 sana
684 501 715 558 in
731 517 856 574 corpore
878 502 909 557 et
932 499 985 557 diu
1006 500 1097 559 vivet.

148 587 244 647 Lama
266 593 376 648 octaua.
422 588 481 658 Qui
501 589 533 646 in
557 591 661 648 octava
682 589 754 646 luna
776 589 950 664 concipitur,
974 589 999 646 si
1021 607 1096 647 mae·

82 676 168 735 culus
198 679 249 753 est,
281 678 411 754 prudens
443 680 474 736 et
504 681 601 737 caetus
634 680 664 736 et
693 677 864 736 moderatus
898 678 929 735 iu
961 677 1127 736 omnibuse

81 765 220 840 operibus
242 768 304 826 auis
327 767 386 826 erit
408 770 438 826 et
460 767 581 826 adiutor
595 767 751 826 hominum
765 770 796 824 et
812 768 982 842 incorpore
998 785 1099 838 sanus3

81 855 133 914 sed
167 856 193 914 si
220 855 372 915 interdum
403 856 585 928 infirmatur,
623 856 710 915 facile
742 858 924 916 convalescet
961 859 991 914 et
1026 857 1099 914 satis

81 962 168 1003 senex
191 945 260 1020 erit,
294 946 345 1004 sed
366 947 467 1004 tamen
493 965 552 1005 non
580 946 669 1004 nimis
697 963 794 1008 senex.
838 944 869 1003 Si
890 964 961 1004 vero
989 945 1100 1003 femina

82 1037 134 1105 eet,
157 1035 340 1094 cccccccccc
362 1038 393 1094 et
414 1036 546 1095 uuluam
575 1039 605 1094 et
630 1036 767 1109 airpcruc
794 1053 828 1094 ac
853 1032 1021 1113 frumcecm
1043 1034 1100 1093 erit

80 1125 113 1182 et
134 1124 214 1183 viros
236 1142 295 1182 nen
318 1123 425 1201 deligit
446 1129 478 1183 et
499 1125 531 1182 in
553 1142 678 1200 corpore
700 1142 771 1182 sana
798 1126 843 1184 est
869 1127 899 1182 et
920 1124 992 1182 satis
1014 1141 1100 1182 senex
1114 1132 1141 1177 ιο

84 1211 148 1284 erit,
172 1212 223 1271 aed
246 1215 346 1272 tamen
368 1232 427 1272 non
449 1214 537 1272 nimia
560 1231 655 1274 aenea

147 1300 243 1360 Lama
265 1319 357 1365 conc.
407 1301 465 1372 Qui
494 1303 526 1360 in
553 1321 632 1361 nona
658 1303 731 1360 luna
758 1301 939 1376 concipitur,
971 1302 997 1360 si
1022 1319 1100 1360 maa·

81 1389 166 1448 culus
198 1392 251 1466 est,
283 1391 369 1451 facile
402 1392 491 1450 timet
525 1394 556 1450 et
586 1392 715 1450 incestus
749 1390 807 1449 ecit
836 1394 867 1448 et
899 1390 1035 1449 infirmus
1068 1391 1100 1448 in

83 1497 213 1555 corpore,
236 1498 289 1538 nec
312 1480 365 1539 diu
392 1481 482 1543 vivet.
528 1480 559 1538 si
584 1483 684 1539 autem
707 1479 817 1538 femina
839 1482 895 1553 eat,
926 1479 1101 1554 pudibunda

83 1567 140 1627 erit
164 1570 194 1627 et
215 1569 296 1629 viros
319 1587 388 1628 cum
411 1570 567 1646 disciplina
590 1569 704 1629 amabit
726 1572 756 1628 et
777 1569 895 1627 infirma
917 1569 948 1626 in
977 1577 1142 1644 corpore15

83 1657 139 1715 erit
160 1676 214 1716 nec
237 1657 290 1716 diu
313 1659 403 1721 vivet.
632 1666 636 1675 '

147 1745 242 1805 Luca
264 1748 387 1810 decim
423 1747 482 1817 Qui
504 1748 536 1806 in
559 1748 672 1807 decima
693 1747 767 1805 luna
788 1747 964 1823 concipitur,
988 1745 1101 1822 probus

84 1838 112 1894 et
136 1835 304 1906 frumcscm
331 1856 364 1896 ac
391 1837 476 1896 utilis
506 1838 563 1896 erit
594 1840 625 1896 et
652 1837 723 1895 felix
751 1839 892 1896 oceanus
915 1836 946 1894 iu
969 1853 1101 1911 ccrpcre,

83 1927 111 1982 et
143 1924 197 1983 diu
229 1925 316 1985 vivet.
366 1925 399 1985 Si
429 1944 501 1985 vero
535 1927 644 1985 femina
675 1928 728 1998 est,
759 1924 854 2000 proba
886 1925 944 1986 erit
976 1929 1007 1985 et
1035 1943 1102 1984 cara

82 2011 250 2072 hominibus
272 2018 302 2074 et
324 2016 456 2075 uilicum
478 2022 514 2074 ut
541 2015 640 2073 lilium
663 2017 694 2074 et
713 2015 881 2086 frumccam
908 2033 942 2073 ac
965 2014 1045 2089 felix,
1069 2018 1099 2072 et
1115 2021 1144 2066 w

82 2101 166 2162 facile
189 2102 366 2180 infirmatur,
389 2105 439 2163 sed
463 2105 523 2164 cito
546 2105 729 2164 convalescet
752 2106 782 2163 et
805 2104 858 2163 diu
880 2106 972 2164 vivet.

168 2191 264 2251 Luca
285 2193 454 2253 anamma.
501 2193 559 2262 Qui
586 2194 618 2252 in
645 2193 801 2253 undecima
828 2195 901 2252 luna
924 2193 1099 2268 concipitur,

81 2280 276 2340 eimaeculua
299 2287 358 2354 est,
390 2281 552 2342 iracundus
585 2284 643 2341 erit
670 2286 701 2342 et
727 2301 786 2341 non
814 2282 885 2341 felix
917 2285 948 2340 et
975 2282 1100 2340 feminas

81 2388 137 2428 non
168 2374 250 2428 amat
278 2389 332 2430 nec
365 2390 452 2430 sanus
490 2372 548 2431 erit
582 2373 612 2430 in
645 2390 767 2446 corpore
801 2389 855 2430 nec
886 2371 1016 2429 multum
1048 2370 1100 2429 diu

82 2460 170 2519 vivet
216 2457 247 2518 Si
270 2464 370 2519 autem
392 2461 503 2520 femina
526 2464 578 2533 est,
600 2458 788 2522 lecizmcdicd
811 2463 841 2518 et
862 2459 1046 2519 crbcifaelicle
1071 2463 1141 2518 etae

81 2548 244 2608 wcrfeclicfe
266 2549 298 2606 in
320 2550 443 2608 infamia
465 2551 531 2622 erit,
553 2549 604 2610 sed
627 2553 725 2609 tamen
747 2550 855 2625 proba3
879 2553 908 2607 et
931 2567 1039 2625 magna
1054 2547 1097 2606 in·

82 2636 223 2696 firmitate
245 2638 332 2698 facile
356 2638 601 2716 apprehenditur,
630 2638 681 2698 sed
703 2639 762 2698 cito
786 2638 969 2698 convalescet
990 2641 1020 2696 et
1041 2655 1100 2696 non

81 2726 213 2784 multum
235 2727 289 2786 diu
310 2728 401 2790 vivet.

149 2814 245 2875 Luca
267 2817 451 2879 duodecima.
494 2816 552 2887 Qui
574 2817 605 2874 in
628 2816 804 2876 duodecima
826 2818 899 2875 luna
922 2816 1100 2893 concipit-ur,

81 2905 105 2962 ei
136 2905 286 2964 masculus
315 2910 374 2978 est,
404 2906 584 2965 indiscretus
607 2907 665 2964 erit
687 2909 717 2965 et
748 2910 875 2964 mentem
897 2905 952 2964 hac
980 2908 1010 2964 et
1033 2905 1142 2964 illecto

83 2992 208 3053 divisam
232 2993 352 3054 hebebit
374 2998 405 3053 et
428 2996 466 3054 ad
488 2996 584 3054 aliena
606 2996 671 3054 loca
692 2998 722 3053 et
745 2995 783 3053 ad
806 2994 914 3054 alienas
936 3013 983 3054 res
1005 2994 1101 3054 tendit

82 3086 112 3141 et
144 3082 200 3142 hoc
233 3083 345 3162 diligit,
382 3088 472 3161 atque
509 3103 608 3143 omnes
644 3086 746 3162 gestus
781 3084 845 3142 cius
882 3084 1001 3143 molesti
1031 3087 1100 3142 sunt

81 3170 261 3242 hominibus,
289 3178 319 3232 et
348 3174 556 3233 eucreuhfhc'cfe
584 3174 642 3232 erit
674 3191 727 3232 nec
755 3171 807 3231 diu
836 3174 926 3238 vivet.
971 3171 1003 3231 Si
1030 3191 1099 3232 vero

82 3260 193 3319 femina
215 3266 267 3337 eet,
290 3263 439 3322 instabilis
462 3263 596 3322 moribus
619 3263 678 3322 erit
704 3264 734 3320 et
756 3264 933 3336 eeupcwe'ecc
959 3280 1012 3320 nec
1035 3261 1099 3320 dcc·

86 3351 167 3409 trina
189 3351 341 3410 meliorari
363 3353 431 3410 vult
453 3355 484 3411 et
505 3352 677 3411 hominibus
700 3352 824 3410 molesta
847 3352 904 3409 erit
931 3354 961 3409 et
990 3350 1139 3410 multasec

87 3439 276 3500 infirmitates
299 3459 357 3500 non
380 3440 509 3516 habebit,
533 3443 584 3501 sed
607 3445 707 3500 tamen
729 3459 788 3498 non
814 3440 867 3498 diu
889 3439 980 3500 vivet..

170 3529 265 3589 Lemc
296 3532 386 3591 tertia
417 3532 540 3591 decima.
602 3528 661 3599 Qui
697 3531 727 3588 in
762 3529 853 3588 tertia
889 3529 1007 3587 decima
1030 3529 1111 3584 luna
