2460 3862
324 149 464 206 CAUSAE
484 150 531 205 ΕΤ
549 149 670 207 ΟΠΒΑΕ
688 151 755 206 LIB.
775 150 810 207 Π.
1031 157 1070 216 87

58 334 192 393 multum
214 333 352 405 laeditur,
386 335 457 410 quia
479 335 509 393 in
543 335 739 394 commotione
774 335 907 412 corporis
940 338 997 410 cst,
1030 336 1074 393 ita

56 427 168 495 tamen,
190 442 227 481 ne
250 424 476 500 supramodum
498 422 587 482 vadat
610 428 663 483 aut
685 428 750 487 stet.
796 424 855 494 Qui
876 443 946 483 vero
970 424 1073 483 debilis

58 515 114 585 est,
145 511 252 587 sedeat,
286 513 364 588 quia,
395 513 420 572 si
451 512 507 571 iste
539 513 669 572 multum
698 513 756 573 iret
786 517 840 572 aut
871 517 974 585 staret,
1005 513 1073 572 inde

56 601 236 661 laederetur.
275 601 385 660 Mulier
407 605 516 673 autem,
539 601 609 677 qnia
631 601 767 678 fragilior
788 603 853 662 viro
876 606 930 673 est,
956 602 1074 683 etquis

56 691 204 751 diversam
227 690 385 751 calvariam
407 689 505 765 habet,
535 691 685 750 moderate
717 691 902 750 ambulatet
929 694 995 763 stet,
1023 691 1073 751 sed
1100 703 1114 746 5
1168 706 1171 711 ’

56 781 155 857 magis
178 779 285 855 sedeat,
308 799 397 855 quam
420 778 576 855 discurrat,
598 799 634 838 ne
656 779 724 838 inde
746 780 890 841 laedatur.
923 779 981 851 Qui
1003 800 1073 841 vero

56 871 90 928 in
113 887 189 944 equo
212 869 308 944 vadit,
338 868 405 927 inde
428 887 486 927 non
510 869 640 928 multum
668 868 809 944 laeditur,
841 869 978 945 quamvis
1005 869 1073 928 inde

57 959 212 1035 fatigetur,
235 957 377 1034 quoniam
398 958 430 1016 in
446 976 512 1017 aare
528 959 603 1016 etin
619 977 693 1016 aura
707 961 850 1030 versatur,
874 958 925 1016 scd
948 958 1074 1034 pedibus

58 1052 92 1106 et
124 1046 259 1106 cruribus
286 1047 347 1106 suis
376 1046 527 1106 interdum
562 1047 729 1123 subveniat,
768 1048 812 1106 ita
846 1047 927 1124 quod
960 1066 1009 1106 cos
1042 1048 1073 1105 in

57 1136 191 1196 motione
214 1140 244 1195 et
266 1136 432 1196 extensione
454 1135 604 1195 interdum
626 1139 768 1199 exerceat.
1088 1147 1115 1192 10

127 1226 173 1285 Dc
186 1226 361 1300 sanguinea.
392 1224 544 1295 Quaedam
559 1228 659 1284 autern
674 1225 801 1284 feminae
816 1226 936 1302 pinguis
952 1229 1074 1285 naturae
1133 1252 1136 1263 ·

57 1317 133 1374 sunt
155 1318 185 1373 et
207 1314 310 1374 molles
332 1318 363 1373 ct
389 1315 542 1374 deliciosas
558 1333 658 1374 carnes
672 1313 781 1373 habent
804 1318 833 1374 et
848 1315 972 1391 graciles
986 1334 1075 1375 venas

58 1408 152 1479 aterne
174 1406 287 1463 rectum
308 1404 482 1480 sanguinem
504 1404 615 1479 absque
638 1403 715 1465 tabe.
759 1403 799 1461 Et
822 1405 962 1479 quoniam
984 1424 1075 1464 venae

58 1513 165 1552 aarum
193 1493 315 1570 graciles
337 1496 419 1565 sunt,
451 1493 517 1552 ideo
545 1493 642 1551 minus
664 1493 816 1569 sanguinis
841 1493 873 1551 in
900 1512 931 1552 se
957 1493 1074 1565 habent,

59 1586 153 1659 atqua
177 1600 243 1642 caro
266 1601 368 1641 earum
382 1585 466 1643 tanto
481 1583 549 1658 plus
570 1583 673 1641 crescit
695 1586 726 1640 et
740 1584 823 1641 tanto
839 1583 906 1657 plus
931 1584 1074 1660 sanguine
1088 1594 1115 1638 15

58 1671 209 1749 permixta
231 1673 284 1731 cst.
321 1672 361 1730 Et
382 1672 455 1730 istae
477 1672 586 1731 claram
609 1674 639 1730 et
662 1671 759 1730 albam
782 1671 891 1731 faciem
913 1671 1023 1732 habent
1045 1676 1075 1731 et

58 1762 93 1820 in
118 1760 298 1837 amplexione
329 1761 438 1819 amoris
464 1764 534 1820 sunt
563 1762 593 1819 et
624 1760 762 1819 amabiles
790 1764 879 1837 atque
906 1762 937 1819 in
961 1761 1075 1820 artibus

59 1850 187 1910 subtiles
209 1852 240 1908 et
261 1869 315 1924 per
337 1868 367 1908 se
389 1850 469 1926 ipsas
490 1850 521 1908 in
537 1849 635 1909 animo
651 1868 705 1908 suo
721 1850 901 1909 continentes
916 1853 946 1910 et
960 1851 1075 1911 modice

58 1940 231 1998 effluentem
263 1939 437 2016 sanguinem
465 1940 496 1998 in
524 1939 631 1998 rivulis
657 1939 802 1998 menstrui
830 1940 972 2015 temporis
998 1940 1074 2017 pati·

57 2029 168 2102 untur,
200 2030 290 2104 atque
318 2029 473 2088 vasculum
500 2028 632 2088 matricis
661 2047 764 2087 earum
796 2028 916 2088 fortiter
942 2030 1074 2105 positum
1088 2041 1116 2086 20

56 2120 105 2177 est
135 2117 172 2175 ad
198 2117 387 2193 pariendum,
419 2118 498 2177 unde
530 2119 619 2177 etiam
647 2116 789 2176 fecundae
820 2122 891 2177 sunt
927 2122 956 2177 et
988 2119 1074 2179 virile

56 2225 159 2267 semen
181 2207 333 2283 concipere
352 2209 487 2282 possunt.
518 2206 576 2265 Sed
597 2209 696 2265 tamen
717 2207 862 2282 plurimos
885 2226 992 2282 pueros
1015 2226 1075 2266 non

56 2299 254 2374 generantur,
288 2298 319 2355 et
350 2296 375 2354 si
403 2297 479 2355 istae
509 2296 620 2370 absque
653 2295 769 2354 maritis
803 2299 886 2367 sunt,
919 2297 963 2355 ita
994 2296 1075 2372 quod

61 2384 179 2461 prolem
211 2402 271 2443 non
300 2385 435 2461 pariunt,
466 2385 552 2443 facile
580 2384 680 2444 dolent
706 2384 738 2442 in
760 2402 896 2460 corpore;
927 2385 952 2443 si
975 2388 1074 2443 autem

56 2474 184 2533 maritos
206 2474 324 2549 habent,
348 2492 433 2532 sanae
456 2476 536 2534 sunt.
582 2472 668 2542 Quod
691 2473 716 2532 si
739 2475 842 2549 guttae
865 2474 1016 2549 sanguinis
1043 2474 1075 2532 in
1088 2489 1115 2532 aa

56 2565 213 2622 menstruo
235 2564 369 2638 tempore
385 2566 453 2623 ante
475 2562 611 2621 naturale
625 2566 744 2638 tempus
759 2556 790 2620 in
804 2562 871 2622 istis
886 2563 1074 2633 clauduntur,

57 2652 103 2710 its
120 2651 200 2727 qnod
215 2671 274 2711 non
289 2652 426 2728 effluunt,
446 2655 519 2711 tunc
533 2650 683 2710 interdum
700 2655 753 2710 aut
768 2651 973 2711 melancolicae
989 2655 1076 2711 amnt

59 2744 116 2800 aut
139 2741 271 2800 dolorem
293 2742 395 2800 lateris
417 2741 577 2818 patientur,
606 2743 659 2799 aut
681 2740 790 2799 vermis
812 2740 843 2798 in
866 2759 950 2799 carne
973 2761 1076 2800 earum

59 2833 180 2902 crescet,
204 2833 256 2889 aut
279 2831 432 2890 effluentes
452 2830 581 2908 glandes
605 2848 681 2905 quae
704 2829 850 2888 scrofirlae
873 2829 1021 2906 dicuntur,
1044 2833 1075 2890 in

57 2921 101 2980 eis
126 2924 290 2995 erumpent,
313 2923 366 2979 aut
387 2921 478 2996 lepra,
508 2938 584 2994 quae
607 2923 705 2977 tamen
728 2918 880 2978 moderata
903 2922 954 2992 est,
978 2921 1008 2978 in
1032 2922 1073 2980 eis
1086 2934 1114 2978 30

57 3013 178 3069 crescet

127 3100 176 3158 De
215 3099 396 3173 dogmaticis.
452 3097 510 3157 Sed
549 3095 692 3173 quaedam
727 3097 801 3155 aliae
834 3097 959 3156 feminae
997 3103 1074 3169 sunt,

58 3206 189 3263 quarum
213 3205 312 3247 carnes
334 3207 392 3247 non
415 3188 545 3247 multum
568 3189 715 3261 crescunt,
748 3186 819 3262 quia
846 3205 961 3264 grossas
988 3205 1074 3246 venas

59 3275 171 3335 habent
201 3280 232 3335 et
262 3277 448 3352 aliquantum
482 3295 586 3335 sanum
618 3275 793 3352 sanguinem
827 3278 857 3334 et
891 3276 990 3335 album
1023 3275 1075 3333 sod

59 3364 213 3424 modicum
238 3366 342 3425 veneni
368 3366 453 3426 inse
481 3365 687 3439 continentem,
715 3365 793 3423 unde
821 3363 922 3423 album
945 3363 1111 3424 coloremac

61 3453 220 3516 contrahit.
263 3455 302 3513 Et
330 3473 462 3515 severam
491 3454 595 3514 faciem
623 3457 653 3514 et
681 3454 817 3530 subnigri
839 3453 945 3513 coloris
968 3453 1076 3512 babent

61 3546 93 3602 et
115 3546 251 3603 strenme
278 3547 309 3603 ct
335 3545 424 3605 utiles
447 3550 518 3605 sunt
540 3563 573 3606 ac
597 3543 790 3623 aliquantum
809 3543 936 3605 uirilem
956 3543 1099 3602 animum
