2460 3862
125 135 187 196 128
511 130 756 187 HILDEGARDIS

122 316 230 375 matur.
274 311 350 372 Nam
372 314 403 373 in
425 306 549 375 hunfida
570 318 601 376 st
622 316 654 376 in
676 317 748 377 bens
763 319 930 394 temperata
946 337 1021 378 aura
1040 319 1140 381 ovibus

121 423 196 463 rena
223 400 378 462 incidenda
405 408 462 479 est,
496 405 636 481 quoniam
666 406 740 466 mali
771 405 912 467 humores
948 407 980 467 in
1009 408 1053 468 sis
1074 412 1141 469 tuno

122 496 268 565 arescunt
303 492 334 551 in
365 492 441 552 siooa
473 497 572 554 autem
606 514 679 554 aura
714 495 820 556 incisio
852 496 910 557 ista
937 496 1062 557 vitanda
1093 501 1140 569 est,

122 583 263 658 quoniam
285 581 424 641 humores
447 583 478 641 in
500 583 542 642 sis
564 585 636 643 tuno
658 585 847 648 minuuntur.
1099 575 1103 585 '

96 688 110 732 s
190 673 235 732 De
257 671 392 734 camaris.
438 670 523 731 Ustio
547 676 656 749 autem,
680 674 793 734 scilieet
815 677 946 746 aootura,
969 676 1053 734 omni
1069 678 1139 735 tem·

122 781 194 837 pore
216 761 294 821 bona
316 764 347 821 st
369 760 453 821 utilis
476 766 529 836 est,
552 761 634 837 quod
656 764 681 824 si
704 762 830 823 disarste
852 763 895 839 fit,
923 763 1139 824 intercutaneos

122 851 260 912 humores
290 852 320 909 et
351 849 458 910 livores
486 851 596 910 minuit
618 855 649 911 st
669 853 826 913 sanitatem
849 853 1027 929 oorporibus
1052 854 1138 916 affert.

123 941 162 1000 Et
184 944 245 1000 tarn
268 939 426 1000 iuvenibus
448 958 539 1015 quam
554 939 673 1000 senibus
688 960 821 1019 congrua
836 944 888 1018 ost,
911 941 1072 1002 iuvenibus
1088 942 1135 1003 soi·

123 1031 200 1106 licet,
232 1028 313 1105 quod
344 1047 413 1090 oum
445 1046 512 1089 earo
544 1033 575 1090 et
601 1030 720 1107 sangnis
743 1050 847 1090 eorum
870 1049 924 1107 per
955 1031 1136 1094 iuventutem

83 1135 110 1180 ιο
124 1121 265 1194 crescunt,
288 1123 361 1178 tuno
383 1118 472 1177 etiam
493 1118 565 1178 mali
581 1118 721 1179 humores
736 1119 767 1179 in
783 1120 825 1180 sis
841 1122 1003 1198 ungentum
1027 1121 1135 1182 sonibus

123 1211 231 1283 autern,
255 1208 397 1284 quoniam
420 1225 488 1266 oum
503 1226 571 1268 earo
595 1211 624 1267 et
639 1209 759 1286 sanguis
781 1227 850 1269 oum
873 1212 1027 1271 senectute
1049 1211 1134 1271 ineis

122 1299 307 1372 minuuntur,
345 1300 417 1357 tuns
453 1296 532 1356 inter
565 1301 665 1357 autem
698 1301 729 1358 et
762 1317 880 1358 carnem
907 1317 1012 1359 sorum
1035 1300 1134 1360 livores

122 1389 280 1449 remanent.
326 1385 383 1445 Sed
405 1385 522 1446 senibus
545 1386 730 1463 aliquantum
753 1386 901 1447 salubrior
923 1389 969 1448 est
992 1389 1134 1465 quamiu-

122 1476 254 1550 venibns‚
278 1475 358 1552 quod
381 1494 467 1536 oarne
490 1478 520 1535 et
542 1476 685 1553 sanguine
708 1495 811 1536 eorum
833 1475 1001 1538 labentibus
1025 1482 1057 1539 et
1076 1480 1135 1538 onte

85 1580 111 1625 15
124 1569 275 1626 eontracta
304 1565 388 1625 tabes
418 1566 496 1624 inter
528 1569 626 1624 ontsm
659 1569 689 1625 et
716 1584 832 1626 earnem
855 1569 939 1626 tanto
963 1568 1061 1645 magis
1082 1567 1132 1627 dis·

123 1655 225 1718 ourrit.
270 1654 430 1714 Iuvenibus
464 1671 534 1714 voro
567 1654 611 1713 ita
641 1654 767 1714 salubris
800 1673 859 1714 non
887 1658 932 1715 est
954 1658 990 1715 ut
1012 1657 1133 1729 senibus,

123 1744 203 1820 quia,
226 1746 262 1802 ut
286 1762 353 1803 earo
377 1745 407 1802 in
430 1742 471 1802 eis
494 1746 623 1820 augetur
637 1747 667 1803 et
690 1743 762 1803 dum
784 1744 906 1821 sangnis
928 1744 961 1804 in
983 1745 1026 1805 eis
1043 1746 1132 1806 fervet

122 1837 154 1892 et
176 1833 247 1892 dum
271 1833 348 1892 ontis
371 1851 473 1892 eorum
496 1833 594 1892 tenuis
617 1837 649 1892 et
671 1836 789 1893 extensa
804 1837 855 1905 est,
879 1833 952 1894 tuna
968 1835 1135 1896 multotiens

123 1922 252 2000 sanguis,
286 1922 339 1997 qui
370 1922 411 1980 eis
438 1921 594 1981 sanitatem
617 1926 648 1982 st
678 1921 884 1982 fortitudinem
916 1923 1041 2000 confert,
1076 1943 1135 1984 oum

85 2023 113 2069 το
127 2011 221 2070 noxiis
254 2010 430 2071 humoribus
465 2029 519 2086 ρετ
556 2011 703 2072 ustionem
745 2014 883 2071 ooaturae
921 2012 1030 2078 effluit.
1087 2011 1137 2072 Sed

123 2105 221 2160 tarnsn
245 2104 366 2160 oootura
388 2100 545 2160 iuvenibus
567 2100 714 2160 salubrior
735 2106 781 2161 est
802 2101 833 2159 in
864 2101 961 2161 hieme
990 2121 1084 2178 quarn
1110 2102 1136 2161 in

123 2193 241 2260 aestate,
265 2190 337 2266 quia
371 2207 437 2249 oum
474 2189 532 2265 ipsi
560 2192 590 2248 et
611 2192 706 2250 aestas
728 2190 818 2249 simul
851 2190 982 2262 fervent,
1020 2196 1137 2266 <assera

123 2279 259 2360 debent),
282 2299 319 2339 ne
342 2280 372 2337 in
395 2280 504 2338 aestate
525 2279 699 2355 sanguinem
714 2297 769 2355 per
788 2281 939 2340 oooturam
960 2298 1031 2340 oum
1051 2282 1138 2342 livore

123 2369 269 2432 emittant.
314 2368 353 2427 ut
376 2367 442 2427 ideo
465 2367 496 2426 in
519 2367 616 2427 hieme
639 2370 790 2428 cocturam
811 2368 930 2439 faciant,
954 2368 1028 2445 quia
1053 2370 1138 2431 hiems

83 2470 110 2515 τε
123 2457 246 2519 humida
269 2461 299 2517 et
320 2457 430 2534 frigida
453 2459 497 2516 est
520 2457 630 2532 stipsi
652 2458 750 2532 ualidi,
774 2460 805 2517 et
827 2457 869 2518 sis
888 2457 1008 2518 faoilius
1023 2458 1138 2538 sangui·

122 2567 189 2606 nem
211 2549 242 2607 in
265 2567 295 2607 se
318 2547 448 2606 retinent
470 2549 500 2605 et
522 2546 661 2606 humores
689 2547 841 2610 emittunt
885 2545 1013 2608 Senibus
1044 2554 1138 2609 autem

123 2640 243 2697 coctura
265 2637 424 2713 praecipue
448 2654 580 2712 congrua
602 2638 647 2695 est
677 2637 708 2695 in
743 2637 861 2710 aestate,
896 2637 1042 2712 quoniam
1077 2657 1138 2699 oum

124 2726 182 2799 ipsi
204 2727 263 2786 iam
285 2727 460 2802 frigescunt,
493 2726 586 2785 aestas
618 2725 714 2785 salida
745 2728 797 2800 est,
829 2726 859 2784 et
880 2726 925 2784 ita
946 2724 1139 2788 humorssin

124 2815 164 2873 eia
187 2835 241 2891 per
264 2816 391 2874 calorem
415 2813 533 2874 aestatis
556 2813 675 2874 excitati
698 2815 729 2872 in
753 2816 873 2874 oootura
895 2814 1042 2888 effluunt,
1075 2815 1140 2893 qnia

84 2914 111 2958 so
124 2904 260 2973 calorem,
284 2923 372 2979 quem
396 2905 433 2962 ad
457 2903 661 2979 expellendum
684 2903 792 2964 livores
822 2903 853 2962 in
882 2921 914 2962 se
940 2922 1001 2963 non
1024 2905 1139 2977 habent

123 2994 209 3052 illum
233 3012 286 3069 per
314 2996 455 3053 aestatem
485 2992 600 3051 habent.
647 2990 705 3062 Qui
736 3011 805 3052 vero
837 2996 989 3053 oooturam
1020 2994 1139 3064 narrt

124 3086 221 3142 autem
245 3085 361 3142 tantum
385 3081 578 3159 perfringunt,
601 3100 637 3140 ne
660 3082 737 3141 forte
760 3101 847 3141 sarna
869 3081 1054 3158 profundius
1076 3102 1137 3159 per·

123 3173 221 3233 forata
233 3171 343 3231 sanitas
353 3170 480 3229 hominis
493 3189 560 3230 oum
573 3170 716 3247 sanguine
728 3172 823 3248 magis
838 3170 942 3231 effluat
953 3190 1047 3247 quam
1061 3172 1138 3233 tabas

124 3266 154 3321 et
188 3281 278 3338 quam
313 3260 393 3319 noxii
426 3259 574 3326 humores,
629 3258 688 3330 Qui
726 3262 826 3319 autem
858 3260 1007 3335 perfectas
1040 3260 1139 3322 aetatis

85 3361 114 3407 35
127 3355 197 3411 sunt
219 3355 250 3411 et
271 3350 396 3427 pingues
420 3349 449 3407 in
473 3367 605 3424 corpore,
629 3352 780 3409 oostnram
795 3352 913 3408 tantum
928 3368 983 3425 per
997 3350 1138 3411 circulum

124 3443 213 3501 unius
246 3440 313 3500 anni
346 3438 474 3497 habeant
505 3442 534 3498 st
567 3440 670 3514 postea
700 3457 754 3513 per
777 3436 935 3497 dimidium
957 3458 1069 3500 annum
1091 3438 1139 3499 illa

128 3534 253 3608 careant,
278 3533 308 3590 et
330 3532 402 3587 tuno
425 3528 543 3600 iterum,
567 3527 592 3588 si
615 3527 772 3604 voluerint,
796 3547 859 3587 eam
875 3527 907 3586 in
922 3525 982 3587 alio
997 3528 1064 3590 loeo
1079 3546 1138 3590 oor·
