2460 3862
350 108 498 166 CAUSAE.
513 109 560 166 ΕΤ
579 109 701 166 CURAE
719 108 788 166 LIB.
806 109 841 164 11.
1061 117 1104 176 55

154 295 212 368 Qui
231 311 263 356 sc
289 295 484 368 interficiunt.
518 293 576 354 Sed
599 296 626 354 si
648 296 759 356 siccum
783 299 837 356 eut
859 295 1003 373 tepidum,
1027 315 1103 373 quse

81 389 160 444 tunc
183 385 262 446 livor
284 391 355 444 sunt
377 403 498 461 spumae
522 386 552 443 et
574 385 700 462 humidi,
723 403 843 445 cursum
866 404 956 445 suum
977 403 1103 445 excesse-

83 475 163 545 rint,
197 476 271 533 tunc
302 475 413 533 siccum
448 474 676 561 supergreditur
711 492 848 550 spumam
882 476 912 534 et
945 475 1105 534 humidum

85 567 181 640 atque
203 563 363 640 complicet
385 582 431 637 es,
460 566 491 622 et
512 563 649 639 tepidum
672 564 745 623 facit
771 565 935 624 ferventem
958 583 1105 640 aquosum

85 653 207 710 fumum
229 653 262 711 in
283 652 410 724 homine,
433 652 477 712 ite
500 653 582 729 quod
596 652 685 712 homo
701 653 753 712 ille
768 671 798 713 se
813 653 914 730 ipsum
929 654 960 711 in
976 656 1131 735 mortem5

84 741 273 818 praecipitet,
297 742 355 801 nisi
378 745 432 801 aut
455 762 472 800 s
495 742 548 801 deo
573 744 626 801 eut
649 742 685 801 sb
708 742 876 802 hominibus
899 742 1104 818 prohibeatur.

85 831 127 889 Et
150 831 208 890 iste
230 849 284 891 nec
307 830 344 890 ad
366 831 489 906 plenum
511 850 600 890 sunus
622 851 675 892 neo
698 832 735 890 ad
758 833 881 908 plenum
899 831 1034 891 infirmus
1050 836 1103 904 est,

85 920 138 979 sed
171 922 215 980 eet
245 921 290 979 its
324 921 402 980 inter
432 924 606 998 utrumque.
654 921 694 980 Et
727 921 779 980 diu
808 921 907 982 vivere
934 923 1046 997 potest,
1078 922 1104 979 si

85 1008 256 1069 custodiam
276 1009 374 1071 habet.

154 1099 200 1158 De
221 1103 313 1174 qudo.
359 1099 394 1157 In
417 1118 476 1176 quo
500 1102 600 1158 autem
623 1099 781 1159 humidum
803 1100 915 1160 siccum
937 1098 1052 1159 excedit
1074 1101 1149 1158 etro

85 1187 225 1264 tepidum
247 1188 359 1248 siecum
382 1191 413 1247 et
433 1207 578 1263 spumam,
602 1208 679 1265 quse
697 1192 809 1249 restent
824 1189 882 1266 hic,
905 1188 1026 1248 adversa
1040 1189 1104 1264 pati

85 1279 187 1354 potest
210 1278 290 1353 apud
317 1296 352 1336 se
375 1278 476 1354 ipsum
499 1281 529 1337 et
552 1278 631 1354 apud
655 1279 727 1338 elios
749 1278 882 1338 homines
905 1281 936 1338 et
957 1278 1053 1337 tristis
1073 1278 1104 1336 iu

85 1369 186 1426 mente
209 1385 264 1424 sus
287 1369 331 1426 est
353 1370 384 1426 et
405 1385 544 1443 magnum
567 1368 643 1425 irem
664 1387 724 1427 non
750 1368 851 1444 habet,
881 1366 933 1427 sed
961 1367 1045 1426 utilis
1072 1367 1104 1425 in

84 1454 224 1516 moribus
246 1456 308 1516 suis
331 1459 389 1529 est;
412 1456 462 1516 sed
485 1475 537 1516 nec
559 1457 646 1516 valde
665 1456 800 1516 infirmus
816 1460 867 1532 est,
891 1459 1008 1532 praeter
1024 1455 1124 1533 quod·

85 1544 249 1621 aliquando
272 1565 289 1602 a
311 1548 408 1622 peste,
436 1565 512 1622 quse
536 1545 647 1605 dicitur
669 1549 770 1623 gutta,
798 1546 957 1622 fatigatum
986 1549 1016 1604 et
1037 1546 1145 1604 lon-15

85 1651 199 1712 gaesus
223 1633 288 1695 erit.

153 1724 201 1783 Dc
223 1723 425 1786 instabilitate.
474 1721 506 1781 Si
535 1727 635 1783 autem
662 1725 773 1784 siccum
804 1725 852 1783 vel
879 1742 998 1800 spuma,
1027 1742 1104 1800 quse

83 1817 161 1872 tunc
183 1812 261 1872 livor
283 1816 354 1872 suut
375 1812 493 1871 humidi
515 1831 548 1872 sc
567 1813 671 1888 tepidi,
695 1813 816 1873 modum
837 1832 926 1872 suum
941 1816 1104 1885 transeunt,

83 1904 202 1961 siccum
234 1920 265 1960 ee
297 1920 417 1961 sursum
448 1901 544 1961 tendit
575 1903 606 1960 in
638 1902 705 1974 illo,
738 1904 775 1961 ut
805 1901 897 1961 herbe
931 1903 997 1979 ille,
1028 1920 1104 1978 quse

83 1991 201 2050 dicitur
232 1991 347 2063 winda,
379 1994 409 2050 et
438 2008 544 2067 spuma
575 1994 662 2067 paret
690 1993 722 2050 in
750 2010 783 2050 eo
812 2011 946 2050 amarum
973 1993 1101 2063 ructum,
1115 2001 1145 2048 20

84 2083 181 2156 atque
209 2079 251 2139 sic
273 2080 389 2139 faciunt
411 2081 524 2157 pariter
545 2081 578 2138 in
599 2081 663 2157 ipso
687 2081 889 2141 inordinatum
909 2099 1038 2156 cursum,
1062 2081 1106 2139 its

83 2167 174 2246 quod
194 2167 308 2244 ubique
332 2169 512 2228 discurreret
535 2187 568 2228 se
590 2188 622 2229 se
643 2172 744 2228 totum
767 2169 959 2246 discerperet,
988 2170 1013 2228 si
1040 2188 1105 2244 per·

84 2258 271 2318 mitteretur.
321 2258 361 2316 Et
387 2257 470 2317 istud
497 2261 560 2316 tem
587 2258 640 2317 diu
672 2259 763 2318 duret
792 2259 823 2317 in
853 2260 918 2334 illo,
951 2258 1023 2317 dum
1053 2258 1105 2316 isti

84 2347 198 2407 livores
221 2346 251 2404 in
274 2347 340 2422 ipso
363 2347 548 2410 cessaverint.
583 2347 641 2407 Sed
664 2348 717 2407 diu
741 2349 841 2408 vivere
861 2350 968 2423 potest,
992 2347 1105 2406 sidens

83 2440 117 2496 et
141 2435 275 2495 homines
296 2436 396 2512 ipsum
419 2436 622 2498 custodierint.
1117 2447 1146 2492 rs

156 2525 203 2584 De
224 2526 392 2585 iracundis.
429 2525 514 2596 Quod
536 2527 562 2584 si
584 2526 721 2602 tepidum
743 2526 924 2585 transcendit
946 2524 1105 2583 humidum

84 2618 118 2674 et
141 2613 300 2673 humidum
322 2615 434 2674 siccum
457 2618 486 2674 et
508 2633 658 2691 spumam,
685 2615 734 2674 hic
756 2615 844 2674 homo
869 2617 985 2674 tstutus
1008 2618 1105 2674 estet

84 2722 191 2780 pacem
213 2704 340 2781 fugitet
360 2704 536 2763 discordium
558 2708 648 2781 atque
669 2704 828 2764 certamina
844 2707 936 2776 emat3
960 2707 990 2763 et
1005 2703 1105 2763 aridus

85 2794 118 2852 in
142 2810 266 2868 corpore
289 2796 345 2869 est,
369 2792 421 2852 sed
443 2793 566 2869 gulosus
589 2794 617 2852 iu
642 2793 720 2867 cib03
752 2813 806 2853 uec
828 2794 985 2853 sanitatem
1007 2793 1104 2866 habet,

85 2881 139 2942 sed
164 2884 263 2940 temen
286 2900 321 2941 ex
343 2881 399 2941 hoc
418 2883 541 2942 inlecto
557 2902 616 2942 non
631 2883 810 2960 procumbit,
833 2883 942 2943 sedita
958 2883 1103 2956 ambulat;
1118 2894 1148 2939 sc
1221 2948 1225 2958 Ι

85 2974 119 3031 et
146 2970 202 3029 diu
227 2971 327 3031 vivere
353 2974 464 3047 potest,
494 2972 545 3031 sed
573 2972 611 3031 sd
642 2973 803 3048 perfectam
834 2975 1014 3032 senectutem
1047 2992 1107 3032 non

86 3060 235 3138 pervenit,
259 3061 338 3136 quis,
362 3064 522 3138 antequem
545 3061 582 3120 sd
601 3065 783 3122 senectutem
803 3061 964 3138 perveniat,
994 3062 1104 3134 (mori-

155 3239 202 3298 De
223 3240 354 3314 syncopi
400 3238 432 3298 Si
455 3243 556 3299 eutem
579 3241 689 3300 siccum
710 3240 759 3299 vel
782 3258 900 3315 spuma,
929 3258 1005 3315 quae
1033 3241 1106 3297 tunc

86 3329 167 3389 livor
188 3331 259 3387 suut
280 3327 376 3403 tepidi
395 3331 426 3387 et
440 3328 565 3401 humidi,
588 3330 711 3389 modum
727 3347 816 3388 suum
834 3326 1103 3405 transgrediuntur,
1118 3335 1148 3382 35

85 3418 201 3478 siccum
222 3417 373 3476 flammam
395 3437 480 3478 susm
503 3419 620 3494 exaltat,
644 3419 687 3478 its
708 3417 790 3495 quod
810 3416 898 3476 homo
914 3417 965 3475 ille
981 3416 1104 3492 gulosus

88 3507 148 3565 orit
176 3507 208 3566 in
241 3508 375 3586 crepula,
407 3511 437 3567 et
464 3527 569 3585 spuma
595 3508 668 3570 facit
698 3527 771 3570 eum
797 3506 947 3586 curidum
970 3523 1123 3565 esurum.
