2460 3862
135 142 153 200 8
520 134 766 191 HILDEGARDIS

134 320 254 397 pulchri
275 324 306 380 et
328 320 399 380 laeti
423 319 485 378 dies
508 338 594 397 saepe
617 323 696 392 sunt,
722 320 793 397 quia
815 321 910 379 metas
933 320 1029 394 adest;
1052 325 1083 381 at
1104 323 1151 382 sol

134 411 165 469 in
199 410 310 469 circulo
343 427 398 469 suo
434 409 549 486 integer
582 413 627 470 est
656 412 687 469 et
717 410 823 486 plenus
851 412 881 468 et
906 428 965 468 non
994 410 1093 470 deficit
1120 416 1151 471 et

132 501 234 559 lumen
255 517 343 558 suum
365 499 396 558 in
418 499 521 557 lunam
543 498 646 570 mittit,
670 517 739 558 cum
763 498 801 557 ad
823 518 892 558 eum
907 499 1029 576 accedit,
1052 504 1088 560 ut
1102 501 1150 562 vir

133 607 231 648 semen
253 606 340 647 suum
364 588 396 647 in
418 589 558 647 feminam
580 588 684 651 mittit.

104 690 119 735 5
197 679 247 737 Dc
268 679 350 740 lucca.
395 676 480 736 Luna
511 678 590 736 anim
619 696 654 735 ex
684 678 753 754 igne
776 680 806 736 at
833 697 868 736 ex
898 678 982 736 tenui
1009 697 1075 738 aare
1103 683 1149 739 est

133 769 223 843 atque
253 766 285 825 in
313 786 379 826 aere
408 769 469 827 stat
500 769 530 826 et
560 767 764 826 habitaculum
792 767 824 826 in
846 785 880 826 eo
907 766 997 826 habet
1027 776 1058 827 et
1083 769 1148 844 ipse

132 875 186 931 par
208 875 272 915 eam
295 857 440 920 firmatur.
486 855 566 926 Quae
595 859 755 932 postquam
778 859 948 928 evacuatur,
977 857 1032 916 sub
1056 859 1148 917 solem

131 945 222 1018 vadit,
254 949 283 1005 et
306 947 431 1021 sphaera
453 947 490 1005 ab
518 965 552 1004 ao
576 945 754 1019 extenditur,
782 964 858 1022 quaa
880 945 963 1004 illam
987 947 1025 1004 ad
1048 947 1148 1022 ipsum

131 1034 233 1107 trahit
255 1037 291 1093 ut
313 1035 430 1095 achates
453 1035 566 1094 ferrum
582 1033 619 1093 ad
642 1052 672 1094 se
694 1034 797 1097 trahit.
827 1034 914 1093 Illam
930 1035 1070 1111 accendit,
1095 1036 1146 1096 sad

92 1136 117 1180 10
132 1127 161 1183 et
192 1128 306 1184 ceterae
338 1124 473 1200 planetae
502 1127 533 1183 et
561 1124 663 1182 stellae
691 1127 782 1198 atque
810 1143 860 1183 aar
887 1127 917 1182 et
940 1128 1037 1183 cetera
1058 1124 1147 1184 lumi-

131 1214 221 1288 naria,
245 1232 321 1289 quaa
344 1213 421 1272 circa
442 1214 543 1272 lunam
559 1216 636 1285 sunt,
661 1213 698 1271 ad
713 1232 777 1272 eam
792 1212 921 1290 flagrant
935 1217 965 1272 et
988 1214 1026 1272 ad
1048 1232 1147 1274 accan·

131 1302 242 1362 sionem
265 1303 327 1362 eius
349 1303 407 1379 ipsi
429 1305 616 1364 succurrunt.
661 1302 700 1361 Et
722 1305 882 1378 postquam
904 1302 1022 1362 incensa
1044 1304 1145 1380 fuerit,

130 1392 277 1466 paulatim
300 1392 404 1452 crescit
427 1392 463 1450 ad
488 1390 704 1467 plenitudinem
725 1409 818 1462 suam,
841 1392 919 1451 sicut
940 1392 1031 1451 etiam
1053 1411 1146 1470 rogus

131 1480 178 1539 vel
201 1480 307 1539 domus
329 1481 445 1540 incensa
460 1481 609 1556 paulatim
630 1481 736 1557 incipit
751 1481 861 1555 ardere,
884 1499 979 1556 usque
995 1480 1067 1540 dum
1082 1485 1147 1542 tota

89 1582 117 1627 15
129 1569 311 1630 incendatur.
356 1570 480 1630 Interim
503 1570 589 1646 enim,
621 1569 694 1628 dum
724 1570 797 1628 luna
824 1570 977 1629 crescendo
1004 1572 1145 1645 repletur,

129 1658 173 1718 sol
204 1659 359 1734 superiora
389 1659 569 1718 firmamenti
600 1659 755 1718 confirmat
785 1677 839 1718 nec
869 1677 997 1734 usquam
1024 1660 1060 1719 ab
1088 1661 1146 1720 hoc

129 1750 230 1807 cessat.
275 1748 315 1806 Et
337 1748 381 1807 sol
404 1748 482 1808 diam
504 1767 602 1807 secum
626 1752 656 1808 et
678 1748 758 1824 apud
780 1748 926 1823 sehabet,
950 1749 1022 1824 quia
1044 1749 1142 1808 firma·

128 1841 262 1896 mentum
285 1838 421 1913 superius
443 1837 578 1896 lucidum
602 1839 659 1909 est3
682 1841 713 1896 at
727 1838 799 1895 luna
821 1840 945 1912 noctem,
970 1839 1040 1913 quia
1062 1842 1145 1898 terra

129 1925 281 1985 tenebrosa
303 1929 355 1990 est.
401 1926 459 1986 Sed
487 1929 516 1986 et
543 1929 703 2002 postquam
732 1926 803 1984 luna
825 1926 967 2002 repletur,
995 1928 1039 1986 ita
1062 1928 1144 2003 quod

88 2015 213 2074 rovelut
235 2016 343 2074 mulier
367 2034 531 2092 praegnans
559 2015 695 2090 efficitur,
728 2015 830 2073 lumen
861 2034 949 2074 suum
972 2017 1083 2076 amittit
1114 2021 1144 2077 et

128 2104 221 2162 stallis
242 2104 349 2178 tradit3
373 2108 403 2164 et
425 2106 469 2162 ita
491 2104 593 2164 stellae
615 2104 774 2164 lucidiores
797 2104 976 2167 efficiuntur.

194 2193 240 2252 Dc
263 2211 338 2255 rore.
384 2194 468 2252 lunc
492 2197 523 2252 et
545 2194 646 2252 stellae
670 2192 706 2252 de
721 2194 824 2253 eodem
840 2194 936 2253 calore
952 2213 1049 2253 aerem
1065 2196 1141 2254 cala·

128 2283 242 2342 faciunt
255 2286 285 2342 et
302 2282 452 2357 roborant,
469 2285 498 2341 et
515 2302 564 2341 aer
580 2284 738 2342 calefactus
754 2283 892 2342 sudorem
909 2302 1006 2359 suum,
1031 2283 1144 2344 scilicet

127 2390 226 2431 rorem
249 2390 346 2447 suum,
370 2390 461 2447 super
483 2375 592 2431 terram
615 2372 710 2432 mittit
731 2374 762 2431 et
784 2392 848 2431 eam
871 2373 1019 2434 fecundat.
1058 2372 1144 2432 Unde

86 2471 114 2515 25
128 2465 158 2520 et
180 2461 244 2536 ipsa
265 2463 386 2537 perfusa
417 2460 534 2520 fructus
564 2461 671 2538 gignit.
716 2459 792 2520 Nam
823 2461 942 2520 interim
970 2462 1042 2520 dum
1071 2463 1143 2522 luna

127 2569 157 2610 se
180 2557 312 2623 evacuat,
335 2552 379 2610 ita
394 2550 474 2626 quod
488 2551 591 2610 lumen
605 2569 693 2610 suum
709 2550 802 2609 stellis
826 2550 884 2626 dat,
908 2554 938 2610 at
953 2550 1025 2610 dum
1048 2554 1143 2611 asole

127 2658 245 2698 aceensa
276 2641 313 2699 ad
342 2640 558 2716 plenitudinem
587 2658 669 2699 suam
704 2640 815 2715 crescit,
849 2640 951 2699 stellae
983 2640 1085 2699 lumen
1112 2646 1144 2700 at

127 2729 263 2800 calorem,
288 2749 409 2805 querna
432 2731 504 2788 luna
527 2730 710 2806 aeceperunt,
734 2729 765 2787 in
788 2748 885 2788 aerem
908 2730 946 2788 ad
969 2730 1139 2789 calefacien-

127 2817 197 2875 dum
214 2819 244 2875 et
258 2818 486 2878 confortandum
500 2839 567 2878 eum
582 2818 728 2894 paulatim
740 2817 873 2893 mittunt,
891 2821 921 2877 et
935 2837 986 2876 aer
1001 2818 1141 2878 sudorem

85 2917 218 2965 casuum
240 2905 278 2964 ad
301 2906 515 2966 fecundandam
537 2911 648 2967 terram
664 2906 790 2983 desuper
812 2907 923 2988 fundit,
946 2908 990 2966 ita
1005 2911 1049 2983 ut,
1073 2927 1142 2968 cum

125 2995 196 3053 luna
219 2995 330 3054 iterum
356 2996 443 3070 plena
465 2997 564 3072 fuerit,
591 2996 692 3056 stellae
720 2997 810 3055 etiam
838 2997 960 3058 interim
983 3000 1141 3057 evacuatae

126 3085 186 3144 sint
209 3083 246 3142 ad
269 3084 472 3161 excipiendum
493 3087 604 3145 iterum
619 3085 715 3144 denuo
731 3083 814 3146 aliud
828 3086 930 3145 lumen
953 3089 984 3145 et
999 3087 1143 3159 calorem3

125 3178 156 3234 et
180 3192 248 3232 cum
270 3173 342 3232 luna
364 3174 511 3247 defecerit,
535 3174 637 3234 stellae
659 3175 762 3250 plenae
777 3175 836 3234 sint
859 3175 896 3233 ad
912 3175 1140 3234 confortandum

125 3282 221 3323 aeram
245 3265 275 3364 et
304 3267 428 3336 terram3
460 3268 490 3323 at
521 3282 589 3323 cum
622 3264 724 3323 stellae
752 3264 920 3336 defecerint
948 3265 1020 3323 luna
1043 3264 1139 3324 denuo

83 3354 345 3501 uolenastm
370 3445 560 3518 purgatione.
610 3441 668 3502 Sed
700 3461 767 3503 cum
801 3443 903 3502 stellae
939 3442 970 3501 in
1004 3442 1141 3502 noctibus

122 3534 273 3606 apparent,
304 3532 385 3607 quod
406 3535 478 3592 tuuc
506 3532 664 3608 aliquando
691 3532 831 3592 videntur
857 3532 970 3609 ignitae
1002 3532 1142 3608 sphaerae
