2460 3862
311 149 454 206 CAUSAE
473 151 520 206 ΕΤ
539 150 661 206 cosan
680 152 748 206 LIB.
767 152 816 209 IV.
1015 158 1076 218 197

86 332 109 388 et
129 351 178 408 pro
206 332 360 393 retinenda
387 334 528 409 sospitate
552 334 660 394 cotidie
684 336 722 395 ad
754 337 856 395 oculos
879 341 909 396 et
932 336 970 395 ad
992 355 1078 395 aures

84 421 107 478 et
124 422 157 482 ad
177 441 262 482 nares
285 441 319 482 ac
342 422 379 481 ad
401 440 433 482 os
456 440 544 482 suum
577 424 723 501 adhibeat,
754 428 791 483 nt
824 425 944 485 odorem
977 445 1079 485 earum

81 511 201 588 excipiat.
246 511 336 572 Etsi
358 531 466 589 magna
490 511 645 573 delectatio
668 515 700 573 in
722 514 786 574 viro
815 518 867 590 est,
899 534 947 574 eas
969 515 1078 591 ligatas

79 598 103 658 in
128 621 256 676 pannum
289 621 305 658 a
334 600 444 660 lumbis
476 621 572 678 usque
603 603 640 661 ad
673 604 797 679 stirpem
830 608 934 679 ponat3
970 604 1079 662 mulier

77 692 165 749 antem
188 690 226 749 ad
248 689 432 761 umbilicum,
456 695 487 749 et
508 691 699 768 refrigerium
721 693 835 752 sentiet
880 693 920 751 111
947 694 972 752 si
996 693 1106 769 quis-5

74 779 143 854 piam
166 780 266 840 cibum
289 779 458 855 comederit,
490 779 570 839 unde
604 780 693 851 dolet,
729 800 776 840 eae
810 782 841 840 in
875 782 1078 841 summitatem

73 869 122 928 arti
153 868 267 929 vasculi
297 869 433 945 superius
456 869 608 941 immittat,
644 871 676 929 in
710 890 770 947 quo
800 871 905 930 vinum
932 873 983 944 est,
1018 889 1077 929 non

71 960 163 1017 umen
186 962 224 1018 ut
246 977 264 1015 a
286 957 355 1017 vino
378 960 550 1035 tangantur,
582 959 634 1018 sed
664 963 700 1018 ut
722 961 826 1019 vinum
848 960 925 1018 illud
957 959 1077 1019 odorem

69 1066 166 1107 earum
198 1050 317 1106 tantum
348 1047 502 1124 suscipiat,
536 1051 566 1107 et
593 1048 663 1108 vino
693 1050 749 1108 hoc
771 1049 918 1108 modicam
941 1048 1074 1108 sobrian-

70 1137 172 1212 culam,
196 1135 295 1196 idest
317 1137 422 1211 suffen,
446 1139 533 1211 paret
555 1140 585 1196 et
607 1138 651 1196 ita
674 1138 799 1198 sorbeat.
831 1138 938 1197 Sedet
961 1138 987 1197 si
1009 1138 1118 1214 quis10

67 1245 210 1285 venenum
244 1225 406 1301 sumpserit
428 1227 476 1286 vel
510 1226 535 1284 si
570 1227 637 1302 quis
671 1228 786 1304 magica
820 1232 883 1286 arte
920 1228 1096 1304 fatigatur,⁸

66 1316 166 1374 vinum
191 1313 282 1374 odore
304 1314 361 1374 isto
385 1315 540 1390 pertusum
562 1315 654 1392 bibat,
683 1322 713 1376 et
734 1317 841 1375 melius
863 1316 993 1379 habebit.
1037 1316 1077 1374 111

66 1405 115 1481 qui
138 1404 287 1481 praefatae
309 1403 423 1478 herbae,
446 1407 483 1463 nt
504 1405 690 1480 praedictum
713 1408 768 1475 est,
796 1410 973 1482 temperatas
997 1405 1076 1480 apud

62 1512 90 1554 ac
112 1495 226 1570 portat,
254 1494 425 1569 sospitatem
448 1496 478 1551 et
501 1494 707 1553 fortitudinem
730 1494 877 1570 retinebit,
907 1495 987 1572 quod
1014 1513 1075 1553 eae·

10 1650 12 1659 ,
62 1583 128 1642 dem
159 1582 265 1642 herbae
297 1601 352 1658 per
383 1600 481 1641 omnes
513 1582 600 1641 horas
634 1587 664 1642 et
686 1603 740 1660 per
763 1603 879 1642 omnem
903 1584 1077 1659 temperiem
1090 1594 1117 1638 11

10 1666 12 1697 ²
59 1675 122 1731 tam
146 1672 241 1730 noctis
264 1690 354 1747 quam
377 1671 436 1729 diei
458 1675 639 1747 temperatae
662 1677 740 1735 sunt.

10 1826 12 1839 ¹
127 1762 175 1821 Dc
202 1777 331 1834 spasmo.
370 1753 476 1839 1)Oum
500 1762 640 1834 crompbo
661 1762 813 1820 bominem
836 1762 946 1820 alicubi
968 1762 999 1819 in
1014 1780 1076 1821 cor-

10 1854 14 1871 '
58 1868 133 1926 pore
155 1868 208 1909 suo
235 1849 336 1920 laedit,
370 1849 552 1909 boomoleum
589 1851 715 1926 accipiat
743 1854 773 1910 et
804 1851 835 1909 in
866 1851 971 1911 eodem
1001 1851 1075 1927 loco,

56 1939 112 1998 nbi
135 1938 225 2014 dolet,
249 1948 325 1998 cum'
353 1942 429 2013 (eo)
473 1957 503 1998 se
526 1939 646 1998 fortiter
670 1943 825 2017 perungat,
849 1944 902 1999 aut
926 1942 951 1999 si
975 1941 1073 1999 boum·

63 2029 163 2090 etrum
184 2047 243 2087 non
266 2027 362 2104 habet,
395 2046 464 2087 cum
491 2029 550 2087 alio
573 2028 675 2105 aliquo
697 2030 827 2105 pretioso
854 2032 1008 2107 unguento
1034 2030 1117 2088 ibice

57 2136 92 2177 se
114 2120 273 2194 perungat.
319 2116 405 2187 Quod
437 2118 463 2176 si
492 2136 546 2176 nec
568 2118 750 2178 boumolcum
772 2137 825 2178 nec
848 2118 931 2177 aliud
953 2119 1076 2195 aliquod

57 2211 254 2284 unguentum
275 2206 384 2265 habere
406 2207 525 2282 poterit,
555 2209 627 2266 tunc
659 2227 713 2283 per
744 2208 869 2266 eundem
892 2208 1000 2279 locum,
1023 2207 1076 2266 ubi

58 2295 98 2355 de
126 2296 269 2375 crompbo
303 2296 391 2367 dolet,
423 2315 528 2355 manus
559 2315 625 2355 suas
655 2297 775 2356 fortiter
803 2297 946 2356 movendo
968 2297 1023 2355 hac
1046 2299 1076 2354 et

58 2384 263 2460 insonabat,
287 2388 317 2444 et
340 2385 425 2444 dolor
446 2385 497 2443 ille
527 2386 659 2446 cessabit.
705 2381 785 2447 Nam
813 2385 893 2444 calor
923 2390 952 2443 et
978 2385 1075 2444 virtus

58 2474 206 2534 baumolei
229 2493 281 2534 seu
304 2475 401 2534 virtus
424 2474 552 2533 aliorum
575 2479 798 2551 unguentorum
822 2475 940 2533 fumum
963 2475 1071 2532 melan·
1086 2482 1114 2526 25

57 2563 154 2623 coliae
177 2562 220 2622 ibi
241 2563 338 2640 fugat,
361 2567 391 2623 et
413 2582 481 2622 cum
504 2564 593 2622 etiam
616 2565 699 2623 loeus
714 2563 844 2623 eiusdem
860 2563 971 2623 doloris
986 2582 1075 2622 manu

55 2652 167 2712 leniter
189 2653 322 2728 fricatur,
346 2652 425 2711 idem
448 2652 534 2712 dolor
556 2653 689 2730 fugatur,

129 2742 177 2801 De
191 2743 375 2802 tortionibus.
414 2733 553 2820 ²)Homo‚
571 2743 624 2818 qui
638 2742 795 2802 stechedim
809 2742 934 2818 patitur,
949 2743 1075 2800 metram

56 2831 188 2906 accipiat
220 2834 251 2891 et
284 2849 349 2889 eam
376 2830 414 2888 ad
441 2849 561 2890 succum
589 2831 711 2890 fortiter
734 2831 897 2890 contundat
919 2834 950 2889 et
971 2830 1075 2890 deinde

56 2919 212 2980 modicum
236 2919 271 2978 de
294 2918 404 2996 butyro
427 2939 584 2979 vaccarum
612 2921 639 2979 ei
668 2920 758 2979 addat
790 2924 820 2978 et
842 2939 911 2978 cum
932 2921 994 2993 illo,
1021 2921 1074 2979 ubi
1088 2928 1115 2972 30

57 3008 152 3084 dolet,
186 3028 216 3068 se
249 3012 405 3086 perungat,
429 3014 459 3068 et
492 3010 654 3079 curabitur,
691 3008 773 3085 quod
807 3009 888 3068 calor
921 3014 951 3068 et
978 3010 1074 3069 virtus

55 3101 173 3157 metrae
203 3118 272 3158 cum
305 3098 399 3156 calore
427 3101 458 3157 et
489 3099 635 3158 suavitate
666 3097 770 3174 butyri
793 3099 919 3156 eundem
943 3098 1074 3158 dolorem

56 3187 150 3264 fugat
172 3191 202 3246 et
224 3187 353 3263 mitigat.
384 3179 566 3270 [†³)Accipe
589 3188 713 3246 salviam
728 3188 827 3246 minus
844 3207 934 3264 quarn
950 3190 1074 3246 cttuwar

56 3279 91 3336 et
114 3275 277 3336 feniculum
300 3276 369 3353 plus
393 3296 483 3352 quam
505 3277 614 3336 salviae
638 3280 668 3335 et
691 3279 822 3337 citowar.
861 3277 968 3335 Postea
990 3295 1072 3335 sume

133 3481 153 3549 1)
173 3501 199 3537 v.
219 3482 324 3536 17-19
342 3505 379 3526 =
397 3480 494 3551 usgue
515 3480 584 3535 1230
605 3480 637 3534 n.
657 3511 690 3518 -
711 3481 733 3548 2)
753 3498 778 3532 v.
798 3478 902 3533 ss-ar
923 3503 959 3524 =
976 3477 1072 3549 Migne

55 3553 130 3610 1111
149 3553 178 3608 o.
199 3584 232 3592 -
251 3552 274 3622 ³)
293 3571 318 3606 v.
337 3553 435 3623 se-p.
457 3553 530 3620 res„
550 3576 586 3597 =
606 3551 702 3624 Migne
721 3551 791 3605 rrae
809 3547 1028 3620 11111111.
