2460 3862
343 116 484 172 causas
503 117 549 172 ET
570 117 691 172 cusas
710 117 777 172 LlB.
796 118 830 171 Il.
869 122 871 126 “
1037 123 1099 182 143

72 302 234 361 horribiles
261 303 375 362 sonitus
402 303 556 378 emittunt,
593 323 647 379 per
675 322 749 379 quos
775 302 944 362 hominibus
973 305 1101 361 terrores

73 391 241 466 incutiunt,
274 391 316 450 ita
350 392 431 467 quod
461 392 595 450 exterriti
625 397 798 468 pavescunt.
848 391 905 451 Sed
932 395 1031 451 tamen
1059 391 1101 450 ibi

74 481 207 556 pleniter
229 499 288 539 non
310 485 387 553 sunt,
412 482 463 540 sed
485 482 517 539 in
540 482 700 541 novissimo
725 482 772 540 die
795 485 874 540 totas
889 483 1018 540 virtutes
1034 500 1101 540 suas

74 571 107 629 in
130 569 318 645 plenitudine
345 571 516 646 ostendunt,
549 590 615 630 cum
645 572 744 629 omnia
773 575 889 630 terrena
917 572 1100 631 concutiunt.

144 659 340 721 Decumates,
368 659 417 718 lta
432 662 462 718 et
478 660 613 719 diabolus
630 661 708 735 facit,
727 679 795 719 cum
810 661 895 736 quasi
911 660 942 717 in
957 660 1100 719 nebuloso
1115 667 1129 710 5

76 747 199 806 turbine
216 767 246 806 se
262 749 396 807 ostendit
411 752 440 807 et
456 749 606 808 bominem
622 754 683 808 tam
703 750 755 807 diu
771 752 899 824 torquet,
920 767 1015 824 usque
1031 750 1103 807 dum

76 839 177 895 anima
205 838 267 895 eius
300 837 336 895 de
366 838 524 914 prophetia
557 841 739 898 somniorum
772 840 809 896 ad
837 857 868 897 se
890 838 1051 897 revertitur
1075 841 1104 896 et

77 927 229 984 excutitur
261 927 403 1002 nesciens,
433 927 506 1003 quid
540 930 662 987 terroris
690 946 774 1002 passa
797 929 844 991 sit.
892 927 948 986 lsti
975 932 1103 986 terrores

76 1016 165 1074 facile
190 1015 326 1074 omnibus
348 1015 520 1075 hominibus
545 1018 690 1093 accidunt,
707 1037 775 1075 cum
799 1017 957 1090 dormiunt,
975 1017 1103 1091 exceptis

76 1105 153 1179 illis,
186 1105 238 1179 qni
262 1104 348 1164 valde
376 1124 498 1164 securae
528 1110 557 1164 et
579 1106 665 1166 valde
694 1108 787 1164 laetae
814 1109 937 1164 naturae
976 1108 1144 1177 (sunt).1⁰

76 1193 117 1252 Et
136 1193 183 1252 bis
201 1194 416 1254 dormientibus
435 1199 562 1254 terrores
577 1197 629 1254 isti
644 1215 711 1254 raro
728 1196 877 1269 eveniunt,
901 1195 972 1270 quia
996 1213 1104 1271 magna

77 1287 108 1341 et
131 1283 255 1341 honesta
277 1284 401 1358 laetitia,
436 1303 526 1359 quam
557 1284 665 1344 babent
696 1285 873 1344 naturaliter
905 1284 936 1341 in
968 1303 1011 1352 se,
1045 1302 1103 1342 non

76 1374 178 1447 potest
208 1390 267 1430 esse
294 1371 404 1447 absque
434 1377 527 1450 gustu
554 1374 624 1432 boni
651 1375 787 1449 spiritus,
820 1377 850 1432 et
876 1373 934 1448 ipsi
957 1373 1044 1431 etiam
1069 1391 1103 1431 ex

76 1464 186 1519 natura
218 1479 273 1519 sua
306 1464 453 1521 mansueti
484 1467 554 1521 sunt
586 1467 615 1522 et
646 1483 705 1522 non
728 1463 847 1522 fallaces
871 1481 923 1521 nec
951 1463 1043 1521 dolosi
1071 1463 1101 1519 in

75 1550 210 1609 moribus
235 1550 305 1610 suis.
1113 1555 1146 1612 1⁵.

144 1639 190 1697 Dc
229 1640 437 1712 complexione.
494 1640 551 1698 Sed
598 1641 649 1700 alii
694 1640 816 1717 quidam
852 1641 984 1699 homines
1020 1643 1101 1714 sunt,

77 1728 145 1804 [qui
172 1728 327 1805 sanguinei
360 1729 526 1808 dicuntur,]
559 1731 589 1788 in
615 1750 743 1806 quorum
767 1731 908 1808 sanguine
931 1729 1104 1788 melancolia

76 1817 253 1876 multotiens
275 1818 386 1895 surgit,
426 1838 501 1894 quae
524 1821 698 1896 sanguinem
719 1821 807 1879 illum
829 1820 949 1896 nigrum
976 1819 1047 1878 facit
1073 1828 1103 1876 et

76 1925 154 1982 quae
177 1925 292 1981 aquam,
323 1925 398 1982 quae
421 1909 453 1966 in
476 1909 529 1967 illo
553 1912 605 1984 est,
628 1910 742 1968 aridam
765 1912 862 1985 parat,
892 1910 935 1966 ita
963 1908 1043 1984 quod
1067 1927 1101 1965 ex

76 1997 133 2054 boc
156 1994 288 2054 homines
311 1999 373 2054 tam
404 1997 562 2073 vigilantes
596 2018 685 2074 quam
714 2000 890 2057 dormientes
919 2017 1004 2073 saepe
1033 2016 1099 2073 gra·
1113 2001 1141 2047 20

76 2085 156 2144 viter
178 2085 352 2161 fatigantur.

67 2183 70 2189 '
145 2174 190 2232 Dc
213 2175 297 2233 Adue
322 2192 394 2237 cusu
417 2179 443 2234 et
465 2177 650 2237 melancolia.
688 2174 856 2236 Nemeum
870 2177 966 2235 Adam
990 2176 1100 2235 bonum

76 2262 165 2322 scivit
188 2266 218 2321 et
240 2282 363 2337 pomum
385 2264 563 2323 comedendo
590 2267 702 2323 malum
731 2267 814 2338 facit,
843 2266 874 2324 in
900 2264 1100 2324 vicissitudine

75 2351 252 2411 mutationis
290 2353 374 2411 illius
411 2353 583 2413 melancolia
616 2355 648 2412 in
683 2373 716 2413 eo
749 2356 889 2426 surrexit,
929 2373 1004 2429 qnae
1038 2353 1100 2411 sine

77 2441 270 2518 suggestione
294 2441 405 2501 diaboli
428 2461 486 2500 non
510 2448 554 2502 est
576 2444 608 2500 in
630 2443 748 2502 bomine
769 2448 832 2502 tam
848 2443 993 2519 vigilante
1010 2461 1099 2518 quam
1112 2447 1140 2493 25

77 2531 256 2606 dormiente,
289 2531 359 2606 quia
389 2532 513 2591 tristitia
545 2535 575 2590 et
607 2533 773 2608 desperatio
803 2551 838 2591 ex
861 2531 1033 2590 melancolia
1055 2549 1099 2589 as-

76 2619 221 2695 cendunt,
255 2639 329 2695 quas
356 2621 452 2679 Adam
475 2621 506 2679 in
534 2622 766 2699 transgressione
789 2641 842 2681 sua
865 2620 978 2681 habuit.
1026 2618 1101 2678 Cum

76 2709 157 2770 enim
181 2709 277 2767 Adam
301 2709 434 2768 divinum
457 2713 647 2786 praeceptum
670 2711 890 2787 praevaricatus
915 2713 966 2784 est,
990 2710 1100 2784 inipso

76 2800 228 2858 momento
251 2799 424 2858 melancolia
454 2800 487 2857 in
517 2800 660 2877 sanguine
695 2801 757 2860 eius
786 2801 944 2877 coagulata
974 2803 1031 2870 est,
1065 2803 1102 2858 ut

76 2887 217 2964 splendor
248 2889 373 2959 recedit,
405 2907 473 2946 cum
504 2889 605 2948 lumen
636 2890 833 2966 extinguitur,
864 2893 894 2947 et
923 2892 959 2946 ut
991 2892 1141 2965 stuppam

76 2977 182 3035 ardens
210 2980 240 3034 et
263 2977 411 3054 fumigans
434 2979 571 3037 foetcndo
595 2982 735 3038 remanet.
781 2979 820 3037 Et
847 2979 890 3038 sic
916 2978 1029 3037 factum
1058 2983 1102 3037 est

74 3067 106 3124 in
130 3065 240 3140 Adam,
264 3067 334 3141 quia
357 3085 425 3124 cum
440 3067 577 3142 splendor
592 3068 623 3125 in
640 3087 673 3126 oo
690 3068 836 3127 extinctus
852 3071 904 3132 est,
927 3067 1101 3126 melancolia

75 3156 107 3214 in
135 3155 279 3231 sanguine
311 3155 373 3214 eius
404 3157 560 3233 coagulata
588 3159 644 3228 est,
677 3157 712 3216 de
741 3177 801 3233 qua
828 3157 953 3216 tristitia
981 3160 1010 3215 et
1039 3156 1100 3213 des-

75 3245 194 3320 peratio
218 3243 248 3302 in
272 3264 306 3304 eo
329 3248 529 3317 surrexerunt,
553 3247 693 3320 quoniam
715 3233 853 3306 ’diabolus
876 3247 906 3303 in
931 3264 1001 3303 casu
1017 3244 1100 3302 Adae

76 3333 282 3393 melancoliam
313 3334 344 3392 in
375 3334 439 3409 ipsc
470 3335 620 3409 conflavit,
654 3355 729 3410 quae
759 3336 907 3394 bominem
940 3333 1098 3408 aliquando
1113 3340 1140 3384 ³5

76 3423 204 3482 dubium
232 3427 263 3481 et
288 3423 474 3482 incredulum
502 3428 598 3498 parat.
645 3423 701 3482 Sed
731 3425 813 3500 quod
843 3424 939 3482 forma
969 3422 1098 3480 bominis

75 3513 173 3589 ligata
195 3514 247 3587 est,
270 3512 314 3570 ita
336 3513 416 3588 qnod
439 3531 469 3572 se
493 3531 612 3572 sursum
635 3531 725 3588 supra
748 3514 872 3573 modum
898 3513 1014 3572 eleuare
1039 3530 1104 3568 non
