2460 3862
349 119 493 177 clusin
511 120 558 175 rr
578 118 698 175 coam
716 119 783 173 ms.
802 120 823 172 1.
1079 129 1099 187 5

149 308 195 368 Dc
217 307 325 367 ludicii
347 307 402 367 dic.
441 303 499 363 Sed
526 322 604 363 nunc
631 305 712 364 clave
740 304 902 365 maiestatis
932 306 979 365 dei
1007 308 1101 366 clausi

80 400 165 470 sunt,
199 397 339 473 quatinus
367 393 518 454 elementa
543 394 575 452 in
610 394 811 454 moderatione
845 395 1016 469 haerebant,
1046 416 1101 456 nec

77 506 169 564 super
190 487 289 545 ullum
310 483 546 544 hominemullo
568 484 701 559 periculo
725 483 966 558 dominabuntur,
988 486 1046 545 nisi
1068 487 1099 544 in

80 578 141 636 fine
173 575 291 650 saeculi,
322 574 392 650 quia
423 577 496 632 tunc
525 572 625 631 omnia
655 574 880 650 purgabuntur,
910 578 1014 650 postea
1040 575 1099 652 ipsi

81 669 204 726 cantum
226 665 258 722 in
281 662 455 739 symphonia
477 662 586 734 ferent3
617 664 647 720 et
678 662 761 720 nulla
785 665 920 722 creatura
943 667 994 736 est,
1022 674 1125 740 quae5

82 774 144 816 una
167 754 231 814 sola
254 753 435 829 proprietate
459 751 607 822 consistat,
632 751 705 827 quin
727 753 828 828 plures
851 752 964 817 babeat.

149 844 196 902 Dc
228 841 332 902 acolio.
376 840 435 902 Sed
467 839 595 899 nihilum
622 841 736 900 nullam
765 842 979 918 proprietatem
1001 843 1098 916 habet,

81 935 113 993 in
138 951 197 1009 qua
221 931 371 1002 subsistat,
395 933 426 989 et
448 929 514 989 ideo
529 928 604 987 nihil
627 933 686 1002 est;
709 930 788 989 unde
811 931 900 990 etiam
923 932 998 990 aliae
1021 950 1098 990 crea·

80 1025 176 1097 turae,
200 1039 275 1096 quae
298 1019 452 1079 voluntate
474 1037 529 1078 sua
551 1037 581 1078 se
607 1019 700 1078 nihilo
725 1020 928 1098 coniungunt,
960 1022 1098 1097 proprie-

80 1115 157 1172 tates
181 1128 249 1170 suas
272 1109 402 1184 perdunt
424 1110 455 1167 et
477 1107 515 1167 ad
543 1108 671 1167 nihilum
693 1109 778 1169 fiunt.
1112 1119 1139 1165 lo

171 1200 218 1259 De
231 1199 419 1271 firmoanccto
442 1201 469 1258 et
482 1199 585 1260 ocutis.
623 1197 857 1259 Firmamentum
876 1201 976 1258 autem
991 1199 1098 1276 ignem,

80 1291 182 1364 solem,
213 1289 323 1359 lunam,
352 1287 453 1346 stellas
487 1289 517 1345 ot
547 1288 651 1346 uentos
677 1287 779 1360 habet,
812 1307 866 1363 per
897 1307 973 1364 quae
1002 1289 1100 1347 omnia

81 1378 219 1439 consistit
241 1379 272 1436 et
291 1394 420 1452 quorum
440 1375 676 1451 proprietatibus
698 1376 845 1449 firmatur,
868 1397 906 1436 ne
928 1377 1099 1453 dissipetur.

80 1465 156 1527 Nam
188 1470 225 1526 ut
252 1467 349 1545 anima
377 1467 476 1524 totum
507 1483 615 1542 corpus
644 1465 771 1526 hominis
807 1468 902 1542 tenet,
934 1467 977 1526 ita
1010 1468 1100 1526 etiam

80 1557 163 1618 venti
192 1557 293 1615 totum
319 1554 538 1614 firmamentum
569 1555 727 1631 continent,
760 1576 797 1615 ne
820 1558 1037 1630 corrumpatur,
1069 1559 1140 1615 et15

80 1645 242 1707 invisibiles
265 1647 343 1716 sunt,
367 1644 452 1703 velut
473 1644 563 1702 etiem
585 1644 683 1703 anima
697 1645 854 1705 invisibilis
870 1647 914 1704 est
929 1647 965 1703 de
988 1650 1099 1705 secreto

80 1735 131 1795 dei
154 1735 280 1794 veniens.
326 1733 365 1792 ut
387 1733 465 1792 sicut
486 1732 591 1792 domus
606 1733 716 1809 absque
731 1734 926 1811 angularibus
948 1734 1099 1810 lapidibus

80 1843 142 1884 non
166 1825 290 1899 constat,
322 1822 365 1882 sio
386 1841 440 1881 nec
462 1821 682 1882 firmamentum
711 1843 764 1883 nac
794 1826 876 1882 terra
902 1841 956 1882 nec
978 1823 1099 1900 abyssus

80 1931 135 1972 nec
173 1915 257 1972 totus
294 1911 423 1970 mundus
462 1929 530 1970 oum
567 1912 703 1972 omnibus
735 1912 999 1990 compositionibus
1037 1914 1099 1972 suis

81 2004 193 2078 absque
220 2001 267 2060 his
290 2001 385 2061 ventis
408 2004 492 2076 esset,
520 2001 591 2076 quia
619 2001 811 2062 haecomnia
834 2021 902 2062 cum
924 2002 997 2077 ipsis
1020 2021 1096 2062 com-
1113 2013 1141 2058 uo

80 2092 182 2168 posita
214 2093 244 2149 et
272 2092 389 2150 retenta
420 2092 498 2152 sunt.
547 2088 623 2148 Nam
652 2094 733 2150 terra
764 2094 830 2151 tota
857 2091 1041 2150 scinderetur
1071 2095 1101 2151 et

80 2183 283 2257 rumperetur,
306 2179 331 2239 si
353 2178 404 2237 isti
426 2179 507 2238 venti
529 2198 589 2239 non
609 2184 713 2256 essent,
737 2180 989 2256 quemadmodum
1011 2181 1101 2240 etiam

81 2270 172 2331 homo
196 2272 279 2329 totus
302 2267 499 2343 scinderetur,
528 2269 553 2328 si
577 2286 641 2329 ossa
663 2288 722 2329 non
744 2268 875 2330 heberet.
923 2269 1100 2345 Principalis

81 2360 162 2420 enim
184 2360 291 2419 ventus
320 2357 470 2417 orientalis
492 2359 587 2417 totam
615 2359 788 2418 orientalem
817 2359 937 2435 plagam
962 2359 1098 2434 continet,

80 2455 112 2509 et
134 2446 309 2524 principalis
336 2449 442 2506 ventus
471 2446 661 2507 occidentalis
691 2450 787 2507 totam
819 2449 939 2524 plagam
968 2447 1096 2506 occiden·
1112 2458 1142 2502 25

79 2539 183 2608 talem,
206 2554 240 2595 ac
262 2535 434 2612 principalis
456 2538 562 2596 ventus
578 2538 716 2596 australis
730 2539 826 2596 totam
848 2537 968 2613 plagam
983 2538 1099 2595 austra·

79 2629 149 2703 lem‚
174 2629 264 2701 atque
286 2624 457 2700 principalis
480 2628 587 2686 ventus
609 2626 849 2701 septentrionalis
871 2626 966 2685 totam
980 2627 1101 2702 plagam

79 2715 351 2794 septentrionalem.

150 2806 197 2864 Dc
219 2804 315 2864 ocutis
338 2802 563 2864 collateralibus
609 2804 647 2862 Et
669 2803 874 2881 unusquisque
897 2805 1002 2863 vontus
1026 2804 1099 2864 isto-

79 2915 152 2955 rum
174 2892 385 2970 principalium
408 2891 482 2952 duos
506 2893 579 2952 alios
602 2893 760 2952 debiliores
782 2893 839 2953 sibi
867 2896 995 2954 astantes
1016 2894 1141 2953 velutco

81 2986 143 3044 dno
167 2982 287 3042 brachia
309 2981 405 3054 habet,
433 2982 465 3040 in
488 3000 563 3058 quos
591 2982 743 3041 interdum
766 2983 909 3058 quasdam
931 2983 1010 3042 vires
1033 3001 1100 3042 suas

80 3074 207 3150 expirat.
251 3069 306 3130 lsti
329 3072 407 3130 enim
423 3070 578 3131 debiliores
592 3072 674 3131 venti
691 3072 814 3132 eandem
829 3075 967 3131 naturam
982 3070 1100 3148 habent,

81 3183 174 3240 quam
209 3165 239 3220 et
271 3161 449 3236 principales
481 3161 564 3220 venti
594 3179 696 3220 eorum
725 3164 837 3237 tenent,
870 3161 914 3219 ita
945 3163 982 3219 ut
1011 3179 1099 3219 unus·

80 3253 210 3330 quisque
241 3250 418 3309 inferiorum
448 3251 606 3310 ventorum
635 3250 830 3326 principalem
861 3252 985 3309 ventum
1015 3249 1100 3308 velut

80 3343 174 3418 caput
196 3358 285 3400 suum
306 3339 449 3411 imitetur,
474 3342 584 3415 quanto
607 3339 702 3399 multo
718 3341 849 3398 minores
872 3339 948 3398 vires
971 3337 1139 3397 habeant35

81 3437 113 3492 et
136 3429 217 3506 quod
238 3448 329 3487 unam
351 3429 430 3489 viam
463 3447 530 3487 cum
559 3429 716 3504 principali
739 3431 825 3489 vento
847 3446 900 3487 suo
923 3426 1043 3502 habant,
1063 3431 1101 3486 ut

81 3521 158 3580 duae
182 3536 269 3578 aures
291 3537 381 3576 unam
403 3518 480 3578 viam
505 3517 628 3581 auditus
650 3518 801 3599 incapite
821 3520 943 3581 tenent.
977 3515 1031 3574 lb
1050 3533 1129 3572 eum
