<?xml version="1.0" encoding="UTF-8"?>
<!DOCTYPE html PUBLIC "-//W3C//DTD XHTML 1.0 Transitional//EN"
    "http://www.w3.org/TR/xhtml1/DTD/xhtml1-transitional.dtd">
<html xmlns="http://www.w3.org/1999/xhtml" xml:lang="en" lang="en">
 <head>
  <title>
</title>
<meta http-equiv="Content-Type" content="text/html;charset=utf-8" />
  <meta name='ocr-system' content='tesseract 3.04.00' />
  <meta name='ocr-capabilities' content='ocr_page ocr_carea ocr_par ocr_line ocrx_word'/>
</head>
<body>
  <div class='ocr_page' id='page_1' title='image "./hildegardiscaus01hildgoog_0032.png"; bbox 0 0 2460 3862; ppageno 0'>
   <div class='ocr_carea' id='block_1_1' title="bbox 328 121 1077 190">
    <p class='ocr_par' dir='ltr' id='par_1_1' title="bbox 328 121 1077 190">
     <span class='ocr_line' id='line_1_1' title="bbox 328 121 1077 190; baseline -0.001 -12"><span class='ocrx_word' id='word_1_1' title='bbox 328 122 471 179; x_wconf 72' lang='lat' dir='ltr'><strong>clusus</strong></span> <span class='ocrx_word' id='word_1_2' title='bbox 491 121 538 178; x_wconf 77' lang='lat' dir='ltr'><strong>ET</strong></span> <span class='ocrx_word' id='word_1_3' title='bbox 558 122 679 179; x_wconf 81' lang='lat' dir='ltr'>CURAE</span> <span class='ocrx_word' id='word_1_4' title='bbox 697 124 765 178; x_wconf 87' lang='lat' dir='ltr'><strong>LIB.</strong></span> <span class='ocrx_word' id='word_1_5' title='bbox 783 125 805 178; x_wconf 93' lang='lat' dir='ltr'><strong>I.</strong></span> <span class='ocrx_word' id='word_1_6' title='bbox 1039 131 1077 190; x_wconf 84' lang='lat'><strong>21</strong></span> 
     </span>
    </p>
   </div>
   <div class='ocr_carea' id='block_1_2' title="bbox 59 307 1123 3420">
    <p class='ocr_par' dir='ltr' id='par_1_2' title="bbox 61 307 1108 1007">
     <span class='ocr_line' id='line_1_2' title="bbox 62 307 1082 370; baseline 0.001 -3"><span class='ocrx_word' id='word_1_7' title='bbox 62 327 117 367; x_wconf 90' lang='lat' dir='ltr'><strong>nee</strong></span> <span class='ocrx_word' id='word_1_8' title='bbox 152 308 220 367; x_wconf 94' lang='lat' dir='ltr'><strong>ideo</strong></span> <span class='ocrx_word' id='word_1_9' title='bbox 253 309 284 367; x_wconf 95' lang='lat' dir='ltr'><strong>in</strong></span> <span class='ocrx_word' id='word_1_10' title='bbox 318 326 348 367; x_wconf 94' lang='lat' dir='ltr'><strong>se</strong></span> <span class='ocrx_word' id='word_1_11' title='bbox 381 308 557 368; x_wconf 85' lang='lat' dir='ltr'><strong>minoratur.</strong></span> <span class='ocrx_word' id='word_1_12' title='bbox 613 307 670 367; x_wconf 84' lang='lat' dir='ltr'><strong>Sed</strong></span> <span class='ocrx_word' id='word_1_13' title='bbox 705 327 773 367; x_wconf 91' lang='lat' dir='ltr'><strong>cum</strong></span> <span class='ocrx_word' id='word_1_14' title='bbox 808 307 909 368; x_wconf 87' lang='lat' dir='ltr'><strong>eadem</strong></span> <span class='ocrx_word' id='word_1_15' title='bbox 943 309 1082 370; x_wconf 87' lang='lat' dir='ltr'><strong>animalia</strong></span> 
     </span>
     <span class='ocr_line' id='line_1_3' title="bbox 62 396 1081 475; baseline 0.002 -18"><span class='ocrx_word' id='word_1_16' title='bbox 62 398 244 473; x_wconf 89' lang='lat' dir='ltr'><strong>moriuntur,</strong></span> <span class='ocrx_word' id='word_1_17' title='bbox 266 397 345 456; x_wconf 91' lang='lat' dir='ltr'><strong>idem</strong></span> <span class='ocrx_word' id='word_1_18' title='bbox 368 416 418 456; x_wconf 90' lang='lat' dir='ltr'><strong>aer</strong></span> <span class='ocrx_word' id='word_1_19' title='bbox 441 396 478 455; x_wconf 91' lang='lat' dir='ltr'><strong>ad</strong></span> <span class='ocrx_word' id='word_1_20' title='bbox 500 398 662 472; x_wconf 87' lang='lat' dir='ltr'><strong>pristinum</strong></span> <span class='ocrx_word' id='word_1_21' title='bbox 683 401 795 458; x_wconf 85' lang='lat' dir='ltr'><strong>statum</strong></span> <span class='ocrx_word' id='word_1_22' title='bbox 818 417 906 457; x_wconf 90' lang='lat' dir='ltr'><strong>suum</strong></span> <span class='ocrx_word' id='word_1_23' title='bbox 920 400 1081 475; x_wconf 82' lang='lat' dir='ltr'><strong>revertitur</strong></span> 
     </span>
     <span class='ocr_line' id='line_1_4' title="bbox 62 486 1081 564; baseline 0.004 -18"><span class='ocrx_word' id='word_1_24' title='bbox 62 506 117 546; x_wconf 93' lang='lat' dir='ltr'><strong>nec</strong></span> <span class='ocrx_word' id='word_1_25' title='bbox 148 487 217 546; x_wconf 89' lang='lat' dir='ltr'><strong>inde</strong></span> <span class='ocrx_word' id='word_1_26' title='bbox 246 486 277 545; x_wconf 93' lang='lat' dir='ltr'><strong>in</strong></span> <span class='ocrx_word' id='word_1_27' title='bbox 310 505 339 545; x_wconf 90' lang='lat' dir='ltr'><strong>se</strong></span> <span class='ocrx_word' id='word_1_28' title='bbox 371 489 591 564; x_wconf 82' lang='lat' dir='ltr'><strong>augmentatur,</strong></span> <span class='ocrx_word' id='word_1_29' title='bbox 623 487 674 548; x_wconf 89' lang='lat' dir='ltr'><strong>sed</strong></span> <span class='ocrx_word' id='word_1_30' title='bbox 705 490 816 559; x_wconf 90' lang='lat' dir='ltr'><strong>manet,</strong></span> <span class='ocrx_word' id='word_1_31' title='bbox 849 491 885 547; x_wconf 92' lang='lat' dir='ltr'><strong>ut</strong></span> <span class='ocrx_word' id='word_1_32' title='bbox 906 489 991 564; x_wconf 90' lang='lat' dir='ltr'><strong>prius</strong></span> <span class='ocrx_word' id='word_1_33' title='bbox 1012 489 1081 552; x_wconf 87' lang='lat' dir='ltr'><strong>fuit.</strong></span> 
     </span>
     <span class='ocr_line' id='line_1_5' title="bbox 62 571 1082 652; baseline 0.003 -17"><span class='ocrx_word' id='word_1_34' title='bbox 62 577 125 636; x_wconf 89' lang='lat' dir='ltr'><strong>Aer</strong></span> <span class='ocrx_word' id='word_1_35' title='bbox 160 579 260 635; x_wconf 91' lang='lat' dir='ltr'><strong>autem</strong></span> <span class='ocrx_word' id='word_1_36' title='bbox 291 577 438 649; x_wconf 87' lang='lat' dir='ltr'><strong>terrenus,</strong></span> <span class='ocrx_word' id='word_1_37' title='bbox 468 571 525 652; x_wconf 84' lang='lat' dir='ltr'><strong>qui</strong></span> <span class='ocrx_word' id='word_1_38' title='bbox 556 581 668 636; x_wconf 90' lang='lat' dir='ltr'><strong>terram</strong></span> <span class='ocrx_word' id='word_1_39' title='bbox 698 578 862 652; x_wconf 78' lang='lat' dir='ltr'><strong>humectat,</strong></span> <span class='ocrx_word' id='word_1_40' title='bbox 899 578 1017 638; x_wconf 88' lang='lat' dir='ltr'><strong>arbores</strong></span> <span class='ocrx_word' id='word_1_41' title='bbox 1051 582 1082 638; x_wconf 89' lang='lat' dir='ltr'><strong>et</strong></span> 
     </span>
     <span class='ocr_line' id='line_1_6' title="bbox 61 664 1108 744; baseline 0.003 -20"><span class='ocrx_word' id='word_1_42' title='bbox 61 665 170 724; x_wconf 79' lang='lat' dir='ltr'><strong>herbas</strong></span> <span class='ocrx_word' id='word_1_43' title='bbox 201 664 344 724; x_wconf 81' lang='lat' dir='ltr'><strong>virescere</strong></span> <span class='ocrx_word' id='word_1_44' title='bbox 372 668 401 725; x_wconf 90' lang='lat' dir='ltr'><strong>et</strong></span> <span class='ocrx_word' id='word_1_45' title='bbox 433 683 561 726; x_wconf 90' lang='lat' dir='ltr'><strong>crescere</strong></span> <span class='ocrx_word' id='word_1_46' title='bbox 588 685 623 725; x_wconf 84' lang='lat' dir='ltr'><strong>cc</strong></span> <span class='ocrx_word' id='word_1_47' title='bbox 645 667 757 727; x_wconf 91' lang='lat' dir='ltr'><strong>moveri</strong></span> <span class='ocrx_word' id='word_1_48' title='bbox 784 666 863 726; x_wconf 86' lang='lat' dir='ltr'><strong>facit.</strong></span> <span class='ocrx_word' id='word_1_49' title='bbox 908 664 981 744; x_wconf 88' lang='lat' dir='ltr'><strong>Nec,</strong></span> <span class='ocrx_word' id='word_1_50' title='bbox 1013 677 1108 727; x_wconf 81' lang='lat' dir='ltr'><strong>cum5</strong></span> 
     </span>
     <span class='ocr_line' id='line_1_7' title="bbox 61 754 1080 831; baseline 0.002 -17"><span class='ocrx_word' id='word_1_51' title='bbox 61 755 92 814; x_wconf 93' lang='lat' dir='ltr'><strong>in</strong></span> <span class='ocrx_word' id='word_1_52' title='bbox 122 754 188 814; x_wconf 88' lang='lat' dir='ltr'><strong>istis</strong></span> <span class='ocrx_word' id='word_1_53' title='bbox 216 756 272 830; x_wconf 89' lang='lat' dir='ltr'><strong>est,</strong></span> <span class='ocrx_word' id='word_1_54' title='bbox 302 754 333 812; x_wconf 92' lang='lat' dir='ltr'><strong>in</strong></span> <span class='ocrx_word' id='word_1_55' title='bbox 360 772 392 814; x_wconf 89' lang='lat' dir='ltr'><strong>se</strong></span> <span class='ocrx_word' id='word_1_56' title='bbox 420 755 529 828; x_wconf 87' lang='lat' dir='ltr'><strong>deficit;</strong></span> <span class='ocrx_word' id='word_1_57' title='bbox 563 774 616 814; x_wconf 92' lang='lat' dir='ltr'><strong>nec</strong></span> <span class='ocrx_word' id='word_1_58' title='bbox 642 755 715 831; x_wconf 88' lang='lat' dir='ltr'><strong>ipsis</strong></span> <span class='ocrx_word' id='word_1_59' title='bbox 744 754 863 815; x_wconf 81' lang='lat' dir='ltr'><strong>abscisis</strong></span> <span class='ocrx_word' id='word_1_60' title='bbox 887 758 940 815; x_wconf 86' lang='lat' dir='ltr'><strong>eut</strong></span> <span class='ocrx_word' id='word_1_61' title='bbox 963 757 1080 828; x_wconf 86' lang='lat' dir='ltr'><strong>evulsis,</strong></span> 
     </span>
     <span class='ocr_line' id='line_1_8' title="bbox 62 843 1081 922; baseline 0.002 -19"><span class='ocrx_word' id='word_1_62' title='bbox 62 863 133 903; x_wconf 91' lang='lat' dir='ltr'><strong>eum</strong></span> <span class='ocrx_word' id='word_1_63' title='bbox 157 843 194 901; x_wconf 90' lang='lat' dir='ltr'><strong>ab</strong></span> <span class='ocrx_word' id='word_1_64' title='bbox 218 844 259 902; x_wconf 90' lang='lat' dir='ltr'><strong>eis</strong></span> <span class='ocrx_word' id='word_1_65' title='bbox 282 845 443 921; x_wconf 84' lang='lat' dir='ltr'><strong>egreditur,</strong></span> <span class='ocrx_word' id='word_1_66' title='bbox 473 845 504 903; x_wconf 95' lang='lat' dir='ltr'><strong>in</strong></span> <span class='ocrx_word' id='word_1_67' title='bbox 526 862 557 903; x_wconf 89' lang='lat' dir='ltr'><strong>se</strong></span> <span class='ocrx_word' id='word_1_68' title='bbox 579 845 707 920; x_wconf 89' lang='lat' dir='ltr'><strong>proficit,</strong></span> <span class='ocrx_word' id='word_1_69' title='bbox 730 843 780 904; x_wconf 91' lang='lat' dir='ltr'><strong>sed</strong></span> <span class='ocrx_word' id='word_1_70' title='bbox 803 844 834 902; x_wconf 93' lang='lat' dir='ltr'><strong>in</strong></span> <span class='ocrx_word' id='word_1_71' title='bbox 857 846 939 903; x_wconf 82' lang='lat' dir='ltr'><strong>stetu</strong></span> <span class='ocrx_word' id='word_1_72' title='bbox 960 863 1023 922; x_wconf 88' lang='lat' dir='ltr'><strong>suo,</strong></span> <span class='ocrx_word' id='word_1_73' title='bbox 1046 850 1081 905; x_wconf 89' lang='lat' dir='ltr'><strong>ut</strong></span> 
     </span>
     <span class='ocr_line' id='line_1_9' title="bbox 66 935 415 1007; baseline 0.003 -15"><span class='ocrx_word' id='word_1_74' title='bbox 66 935 135 992; x_wconf 86' lang='lat' dir='ltr'><strong>ante</strong></span> <span class='ocrx_word' id='word_1_75' title='bbox 159 935 231 1004; x_wconf 85' lang='lat' dir='ltr'><strong>erat,</strong></span> <span class='ocrx_word' id='word_1_76' title='bbox 254 937 415 1007; x_wconf 85' lang='lat' dir='ltr'><strong>permanet.</strong></span> 
     </span>
    </p>

    <p class='ocr_par' dir='ltr' id='par_1_3' title="bbox 60 1021 1122 1440">
     <span class='ocr_line' id='line_1_10' title="bbox 131 1021 1080 1085; baseline -0.001 -3"><span class='ocrx_word' id='word_1_77' title='bbox 131 1023 179 1082; x_wconf 84' lang='lat' dir='ltr'><strong>De</strong></span> <span class='ocrx_word' id='word_1_78' title='bbox 201 1023 322 1083; x_wconf 77' lang='lat' dir='ltr'><strong>animae</strong></span> <span class='ocrx_word' id='word_1_79' title='bbox 349 1023 471 1085; x_wconf 75' lang='lat' dir='ltr'><strong>viribus.</strong></span> <span class='ocrx_word' id='word_1_80' title='bbox 517 1022 627 1082; x_wconf 86' lang='lat' dir='ltr'><strong>Anima</strong></span> <span class='ocrx_word' id='word_1_81' title='bbox 657 1028 756 1083; x_wconf 86' lang='lat' dir='ltr'><strong>autem</strong></span> <span class='ocrx_word' id='word_1_82' title='bbox 783 1023 910 1083; x_wconf 88' lang='lat' dir='ltr'><strong>hominis</strong></span> <span class='ocrx_word' id='word_1_83' title='bbox 937 1021 973 1082; x_wconf 94' lang='lat' dir='ltr'><strong>de</strong></span> <span class='ocrx_word' id='word_1_84' title='bbox 1000 1023 1080 1083; x_wconf 89' lang='lat' dir='ltr'><strong>caelo</strong></span> 
     </span>
     <span class='ocr_line' id='line_1_11' title="bbox 62 1109 1122 1188; baseline -0.003 -18"><span class='ocrx_word' id='word_1_85' title='bbox 62 1131 80 1171; x_wconf 89' lang='lat' dir='ltr'><strong>a</strong></span> <span class='ocrx_word' id='word_1_86' title='bbox 103 1109 160 1170; x_wconf 91' lang='lat' dir='ltr'><strong>deo</strong></span> <span class='ocrx_word' id='word_1_87' title='bbox 184 1111 303 1170; x_wconf 89' lang='lat' dir='ltr'><strong>veniens</strong></span> <span class='ocrx_word' id='word_1_88' title='bbox 326 1111 530 1172; x_wconf 92' lang='lat' dir='ltr'><strong>inhominem</strong></span> <span class='ocrx_word' id='word_1_89' title='bbox 553 1117 583 1172; x_wconf 92' lang='lat' dir='ltr'><strong>et</strong></span> <span class='ocrx_word' id='word_1_90' title='bbox 604 1113 704 1188; x_wconf 88' lang='lat' dir='ltr'><strong>ipsum</strong></span> <span class='ocrx_word' id='word_1_91' title='bbox 725 1113 877 1172; x_wconf 87' lang='lat' dir='ltr'><strong>vivificans</strong></span> <span class='ocrx_word' id='word_1_92' title='bbox 900 1131 934 1172; x_wconf 89' lang='lat' dir='ltr'><strong>ac</strong></span> <span class='ocrx_word' id='word_1_93' title='bbox 952 1113 1122 1172; x_wconf 83' lang='lat' dir='ltr'><strong>notiora-10</strong></span> 
     </span>
     <span class='ocr_line' id='line_1_12' title="bbox 60 1200 1081 1279; baseline 0.001 -19"><span class='ocrx_word' id='word_1_94' title='bbox 60 1200 123 1260; x_wconf 89' lang='lat' dir='ltr'><strong>bile</strong></span> <span class='ocrx_word' id='word_1_95' title='bbox 145 1201 267 1272; x_wconf 90' lang='lat' dir='ltr'><strong>faciens,</strong></span> <span class='ocrx_word' id='word_1_96' title='bbox 296 1219 364 1260; x_wconf 92' lang='lat' dir='ltr'><strong>cum</strong></span> <span class='ocrx_word' id='word_1_97' title='bbox 387 1202 423 1260; x_wconf 86' lang='lat' dir='ltr'><strong>ab</strong></span> <span class='ocrx_word' id='word_1_98' title='bbox 446 1201 568 1261; x_wconf 93' lang='lat' dir='ltr'><strong>homine</strong></span> <span class='ocrx_word' id='word_1_99' title='bbox 591 1201 759 1279; x_wconf 80' lang='lat' dir='ltr'><strong>egreditur,</strong></span> <span class='ocrx_word' id='word_1_100' title='bbox 788 1221 847 1262; x_wconf 93' lang='lat' dir='ltr'><strong>non</strong></span> <span class='ocrx_word' id='word_1_101' title='bbox 869 1201 1007 1278; x_wconf 87' lang='lat' dir='ltr'><strong>moritur,</strong></span> <span class='ocrx_word' id='word_1_102' title='bbox 1030 1201 1081 1261; x_wconf 91' lang='lat' dir='ltr'><strong>sed</strong></span> 
     </span>
     <span class='ocr_line' id='line_1_13' title="bbox 62 1288 1081 1365; baseline -0.001 -15"><span class='ocrx_word' id='word_1_103' title='bbox 62 1293 118 1350; x_wconf 91' lang='lat' dir='ltr'><strong>aut</strong></span> <span class='ocrx_word' id='word_1_104' title='bbox 146 1288 184 1347; x_wconf 82' lang='lat' dir='ltr'><strong>ed</strong></span> <span class='ocrx_word' id='word_1_105' title='bbox 206 1290 337 1365; x_wconf 85' lang='lat' dir='ltr'><strong>praemia</strong></span> <span class='ocrx_word' id='word_1_106' title='bbox 358 1291 437 1350; x_wconf 88' lang='lat' dir='ltr'><strong>vitae</strong></span> <span class='ocrx_word' id='word_1_107' title='bbox 459 1309 512 1351; x_wconf 91' lang='lat' dir='ltr'><strong>seu</strong></span> <span class='ocrx_word' id='word_1_108' title='bbox 535 1291 573 1350; x_wconf 84' lang='lat' dir='ltr'><strong>ad</strong></span> <span class='ocrx_word' id='word_1_109' title='bbox 594 1293 743 1351; x_wconf 88' lang='lat' dir='ltr'><strong>tormenta</strong></span> <span class='ocrx_word' id='word_1_110' title='bbox 765 1291 871 1351; x_wconf 86' lang='lat' dir='ltr'><strong>mortis</strong></span> <span class='ocrx_word' id='word_1_111' title='bbox 894 1290 1081 1351; x_wconf 81' lang='lat' dir='ltr'><strong>aeternaliter</strong></span> 
     </span>
     <span class='ocr_line' id='line_1_14' title="bbox 62 1378 299 1440; baseline 0.004 -1"><span class='ocrx_word' id='word_1_112' title='bbox 62 1380 185 1439; x_wconf 87' lang='lat' dir='ltr'><strong>victura</strong></span> <span class='ocrx_word' id='word_1_113' title='bbox 206 1378 299 1440; x_wconf 87' lang='lat' dir='ltr'><strong>vadit.</strong></span> 
     </span>
    </p>

    <p class='ocr_par' dir='ltr' id='par_1_4' title="bbox 59 1468 1123 3420">
     <span class='ocr_line' id='line_1_15' title="bbox 131 1468 1080 1547; baseline 0.001 -20"><span class='ocrx_word' id='word_1_114' title='bbox 131 1468 178 1528; x_wconf 84' lang='lat' dir='ltr'><strong>De</strong></span> <span class='ocrx_word' id='word_1_115' title='bbox 200 1485 296 1547; x_wconf 77' lang='lat' dir='ltr'><strong>oquae</strong></span> <span class='ocrx_word' id='word_1_116' title='bbox 317 1470 441 1533; x_wconf 78' lang='lat' dir='ltr'><strong>uiribus.</strong></span> <span class='ocrx_word' id='word_1_117' title='bbox 479 1469 569 1546; x_wconf 86' lang='lat' dir='ltr'><strong>Aqua</strong></span> <span class='ocrx_word' id='word_1_118' title='bbox 591 1488 661 1529; x_wconf 89' lang='lat' dir='ltr'><strong>vero</strong></span> <span class='ocrx_word' id='word_1_119' title='bbox 684 1470 762 1530; x_wconf 89' lang='lat' dir='ltr'><strong>vires</strong></span> <span class='ocrx_word' id='word_1_120' title='bbox 789 1469 958 1546; x_wconf 91' lang='lat' dir='ltr'><strong>quindecim</strong></span> <span class='ocrx_word' id='word_1_121' title='bbox 983 1469 1080 1544; x_wconf 88' lang='lat' dir='ltr'><strong>habet,</strong></span> 
     </span>
     <span class='ocr_line' id='line_1_16' title="bbox 63 1557 1121 1635; baseline 0.002 -19"><span class='ocrx_word' id='word_1_122' title='bbox 63 1557 95 1616; x_wconf 91' lang='lat' dir='ltr'><strong>id</strong></span> <span class='ocrx_word' id='word_1_123' title='bbox 112 1560 158 1616; x_wconf 91' lang='lat' dir='ltr'><strong>est</strong></span> <span class='ocrx_word' id='word_1_124' title='bbox 173 1558 310 1631; x_wconf 87' lang='lat' dir='ltr'><strong>calorem,</strong></span> <span class='ocrx_word' id='word_1_125' title='bbox 326 1577 433 1635; x_wconf 87' lang='lat' dir='ltr'><strong>aerem,</strong></span> <span class='ocrx_word' id='word_1_126' title='bbox 448 1559 610 1635; x_wconf 90' lang='lat' dir='ltr'><strong>humorem,</strong></span> <span class='ocrx_word' id='word_1_127' title='bbox 630 1558 862 1633; x_wconf 87' lang='lat' dir='ltr'><strong>inundationem,</strong></span> <span class='ocrx_word' id='word_1_128' title='bbox 884 1559 1080 1634; x_wconf 85' lang='lat' dir='ltr'><strong>velocitatem,</strong></span> <span class='ocrx_word' id='word_1_129' title='bbox 1095 1573 1121 1618; x_wconf 88' lang='lat'><strong>15</strong></span> 
     </span>
     <span class='ocr_line' id='line_1_17' title="bbox 62 1645 1080 1725; baseline 0.001 -20"><span class='ocrx_word' id='word_1_130' title='bbox 62 1645 275 1719; x_wconf 73' lang='lat' dir='ltr'><strong>mobilitatem,</strong></span> <span class='ocrx_word' id='word_1_131' title='bbox 310 1655 340 1707; x_wconf 87' lang='lat' dir='ltr'><strong>et</strong></span> <span class='ocrx_word' id='word_1_132' title='bbox 377 1649 467 1724; x_wconf 82' lang='lat' dir='ltr'><strong>lignis</strong></span> <span class='ocrx_word' id='word_1_133' title='bbox 505 1667 626 1708; x_wconf 92' lang='lat' dir='ltr'><strong>succum</strong></span> <span class='ocrx_word' id='word_1_134' title='bbox 665 1647 728 1721; x_wconf 86' lang='lat' dir='ltr'><strong>dat,</strong></span> <span class='ocrx_word' id='word_1_135' title='bbox 762 1648 915 1722; x_wconf 87' lang='lat' dir='ltr'><strong>pomiferis</strong></span> <span class='ocrx_word' id='word_1_136' title='bbox 949 1651 1080 1725; x_wconf 84' lang='lat' dir='ltr'><strong>gustum,</strong></span> 
     </span>
     <span class='ocr_line' id='line_1_18' title="bbox 64 1735 1080 1810; baseline 0.001 -16"><span class='ocrx_word' id='word_1_137' title='bbox 64 1735 166 1794; x_wconf 85' lang='lat' dir='ltr'><strong>herbis</strong></span> <span class='ocrx_word' id='word_1_138' title='bbox 188 1736 384 1810; x_wconf 65' lang='lat' dir='ltr'><strong>viriditatem</strong></span> <span class='ocrx_word' id='word_1_139' title='bbox 415 1741 446 1796; x_wconf 93' lang='lat' dir='ltr'><strong>et</strong></span> <span class='ocrx_word' id='word_1_140' title='bbox 467 1736 646 1796; x_wconf 78' lang='lat' dir='ltr'><strong>humiditate</strong></span> <span class='ocrx_word' id='word_1_141' title='bbox 674 1756 728 1796; x_wconf 90' lang='lat' dir='ltr'><strong>sua</strong></span> <span class='ocrx_word' id='word_1_142' title='bbox 754 1737 786 1795; x_wconf 94' lang='lat' dir='ltr'><strong>in</strong></span> <span class='ocrx_word' id='word_1_143' title='bbox 814 1738 950 1797; x_wconf 89' lang='lat' dir='ltr'><strong>omnibus</strong></span> <span class='ocrx_word' id='word_1_144' title='bbox 973 1736 1080 1808; x_wconf 89' lang='lat' dir='ltr'><strong>madet,</strong></span> 
     </span>
     <span class='ocr_line' id='line_1_19' title="bbox 63 1825 1081 1902; baseline -0.001 -17"><span class='ocrx_word' id='word_1_145' title='bbox 63 1825 204 1885; x_wconf 90' lang='lat' dir='ltr'><strong>volucres</strong></span> <span class='ocrx_word' id='word_1_146' title='bbox 227 1825 364 1902; x_wconf 88' lang='lat' dir='ltr'><strong>eontinet,</strong></span> <span class='ocrx_word' id='word_1_147' title='bbox 388 1826 483 1902; x_wconf 90' lang='lat' dir='ltr'><strong>pisces</strong></span> <span class='ocrx_word' id='word_1_148' title='bbox 505 1827 608 1902; x_wconf 88' lang='lat' dir='ltr'><strong>pascit,</strong></span> <span class='ocrx_word' id='word_1_149' title='bbox 630 1826 739 1885; x_wconf 85' lang='lat' dir='ltr'><strong>bestias</strong></span> <span class='ocrx_word' id='word_1_150' title='bbox 753 1826 785 1884; x_wconf 92' lang='lat' dir='ltr'><strong>in</strong></span> <span class='ocrx_word' id='word_1_151' title='bbox 800 1827 897 1886; x_wconf 82' lang='lat' dir='ltr'><strong>calore</strong></span> <span class='ocrx_word' id='word_1_152' title='bbox 913 1845 966 1885; x_wconf 90' lang='lat' dir='ltr'><strong>suo</strong></span> <span class='ocrx_word' id='word_1_153' title='bbox 981 1827 1081 1887; x_wconf 92' lang='lat' dir='ltr'><strong>vivere</strong></span> 
     </span>
     <span class='ocr_line' id='line_1_20' title="bbox 63 1913 1079 1990; baseline 0.001 -17"><span class='ocrx_word' id='word_1_154' title='bbox 63 1913 152 1985; x_wconf 88' lang='lat' dir='ltr'><strong>facit,</strong></span> <span class='ocrx_word' id='word_1_155' title='bbox 183 1915 304 1990; x_wconf 88' lang='lat' dir='ltr'><strong>reptilia</strong></span> <span class='ocrx_word' id='word_1_156' title='bbox 329 1915 360 1974; x_wconf 93' lang='lat' dir='ltr'><strong>in</strong></span> <span class='ocrx_word' id='word_1_157' title='bbox 389 1934 495 1990; x_wconf 86' lang='lat' dir='ltr'><strong>spuma</strong></span> <span class='ocrx_word' id='word_1_158' title='bbox 523 1935 577 1976; x_wconf 87' lang='lat' dir='ltr'><strong>sua</strong></span> <span class='ocrx_word' id='word_1_159' title='bbox 603 1915 713 1976; x_wconf 84' lang='lat' dir='ltr'><strong>retinet</strong></span> <span class='ocrx_word' id='word_1_160' title='bbox 739 1933 773 1974; x_wconf 90' lang='lat' dir='ltr'><strong>ac</strong></span> <span class='ocrx_word' id='word_1_161' title='bbox 801 1916 900 1974; x_wconf 87' lang='lat' dir='ltr'><strong>omnia</strong></span> <span class='ocrx_word' id='word_1_162' title='bbox 922 1918 1079 1974; x_wconf 88' lang='lat' dir='ltr'><strong>sustentat:</strong></span> 
     </span>
     <span class='ocr_line' id='line_1_21' title="bbox 63 2003 1122 2081; baseline 0.001 -20"><span class='ocrx_word' id='word_1_163' title='bbox 63 2003 317 2080; x_wconf 86' lang='lat' dir='ltr'><strong>quemadmodum</strong></span> <span class='ocrx_word' id='word_1_164' title='bbox 344 2004 443 2064; x_wconf 91' lang='lat' dir='ltr'><strong>decem</strong></span> <span class='ocrx_word' id='word_1_165' title='bbox 474 2007 632 2081; x_wconf 87' lang='lat' dir='ltr'><strong>praecepta</strong></span> <span class='ocrx_word' id='word_1_166' title='bbox 663 2007 693 2063; x_wconf 91' lang='lat' dir='ltr'><strong>et</strong></span> <span class='ocrx_word' id='word_1_167' title='bbox 723 2004 856 2081; x_wconf 89' lang='lat' dir='ltr'><strong>quinque</strong></span> <span class='ocrx_word' id='word_1_168' title='bbox 886 2004 956 2063; x_wconf 89' lang='lat' dir='ltr'><strong>libri</strong></span> <span class='ocrx_word' id='word_1_169' title='bbox 983 2004 1080 2080; x_wconf 85' lang='lat' dir='ltr'><strong>Moysi</strong></span> <span class='ocrx_word' id='word_1_170' title='bbox 1093 2018 1122 2063; x_wconf 79' lang='lat' dir='ltr'><strong>vo</strong></span> 
     </span>
     <span class='ocr_line' id='line_1_22' title="bbox 63 2092 1080 2171; baseline -0.001 -18"><span class='ocrx_word' id='word_1_171' title='bbox 63 2092 175 2153; x_wconf 87' lang='lat' dir='ltr'><strong>veteris</strong></span> <span class='ocrx_word' id='word_1_172' title='bbox 204 2094 372 2153; x_wconf 83' lang='lat' dir='ltr'><strong>testamenti</strong></span> <span class='ocrx_word' id='word_1_173' title='bbox 404 2097 486 2167; x_wconf 87' lang='lat' dir='ltr'><strong>sunt,</strong></span> <span class='ocrx_word' id='word_1_174' title='bbox 517 2113 592 2171; x_wconf 90' lang='lat' dir='ltr'><strong>quae</strong></span> <span class='ocrx_word' id='word_1_175' title='bbox 620 2096 726 2153; x_wconf 88' lang='lat' dir='ltr'><strong>cuncta</strong></span> <span class='ocrx_word' id='word_1_176' title='bbox 753 2093 826 2154; x_wconf 90' lang='lat' dir='ltr'><strong>deus</strong></span> <span class='ocrx_word' id='word_1_177' title='bbox 853 2093 891 2152; x_wconf 86' lang='lat' dir='ltr'><strong>ad</strong></span> <span class='ocrx_word' id='word_1_178' title='bbox 917 2093 1080 2169; x_wconf 84' lang='lat' dir='ltr'><strong>spiritalem</strong></span> 
     </span>
     <span class='ocr_line' id='line_1_23' title="bbox 60 2177 1082 2262; baseline 0 -22"><span class='ocrx_word' id='word_1_179' title='bbox 60 2181 291 2258; x_wconf 79' lang='lat' dir='ltr'><strong>intelligentiam</strong></span> <span class='ocrx_word' id='word_1_180' title='bbox 341 2180 495 2244; x_wconf 81' lang='lat' dir='ltr'><strong>convertit.</strong></span> <span class='ocrx_word' id='word_1_181' title='bbox 505 2177 528 2262; x_wconf 86' lang='lat' dir='ltr'><strong>l)</strong></span> <span class='ocrx_word' id='word_1_182' title='bbox 575 2183 619 2242; x_wconf 90' lang='lat' dir='ltr'><strong>De</strong></span> <span class='ocrx_word' id='word_1_183' title='bbox 668 2184 787 2243; x_wconf 91' lang='lat' dir='ltr'><strong>vivente</strong></span> <span class='ocrx_word' id='word_1_184' title='bbox 828 2202 956 2259; x_wconf 90' lang='lat' dir='ltr'><strong>namque</strong></span> <span class='ocrx_word' id='word_1_185' title='bbox 998 2184 1082 2242; x_wconf 84' lang='lat' dir='ltr'><strong>fonte</strong></span> 
     </span>
     <span class='ocr_line' id='line_1_24' title="bbox 60 2270 1080 2352; baseline -0.003 -21"><span class='ocrx_word' id='word_1_186' title='bbox 60 2270 200 2331; x_wconf 86' lang='lat' dir='ltr'><strong>salientes</strong></span> <span class='ocrx_word' id='word_1_187' title='bbox 223 2290 320 2352; x_wconf 88' lang='lat' dir='ltr'><strong>aquae</strong></span> <span class='ocrx_word' id='word_1_188' title='bbox 343 2276 424 2349; x_wconf 89' lang='lat' dir='ltr'><strong>sunt,</strong></span> <span class='ocrx_word' id='word_1_189' title='bbox 456 2292 532 2349; x_wconf 89' lang='lat' dir='ltr'><strong>quae</strong></span> <span class='ocrx_word' id='word_1_190' title='bbox 564 2291 664 2333; x_wconf 90' lang='lat' dir='ltr'><strong>omnes</strong></span> <span class='ocrx_word' id='word_1_191' title='bbox 696 2272 796 2332; x_wconf 90' lang='lat' dir='ltr'><strong>sordes</strong></span> <span class='ocrx_word' id='word_1_192' title='bbox 825 2272 959 2336; x_wconf 86' lang='lat' dir='ltr'><strong>abluunt.</strong></span> <span class='ocrx_word' id='word_1_193' title='bbox 1004 2270 1080 2330; x_wconf 87' lang='lat' dir='ltr'><strong>Nam</strong></span> 
     </span>
     <span class='ocr_line' id='line_1_25' title="bbox 60 2360 1079 2436; baseline -0.002 -16"><span class='ocrx_word' id='word_1_194' title='bbox 60 2378 141 2436; x_wconf 86' lang='lat' dir='ltr'><strong>aqua</strong></span> <span class='ocrx_word' id='word_1_195' title='bbox 162 2360 193 2418; x_wconf 94' lang='lat' dir='ltr'><strong>in</strong></span> <span class='ocrx_word' id='word_1_196' title='bbox 217 2361 298 2420; x_wconf 93' lang='lat' dir='ltr'><strong>omni</strong></span> <span class='ocrx_word' id='word_1_197' title='bbox 314 2361 417 2421; x_wconf 89' lang='lat' dir='ltr'><strong>mobili</strong></span> <span class='ocrx_word' id='word_1_198' title='bbox 433 2364 567 2421; x_wconf 88' lang='lat' dir='ltr'><strong>creatura</strong></span> <span class='ocrx_word' id='word_1_199' title='bbox 587 2361 683 2420; x_wconf 89' lang='lat' dir='ltr'><strong>labilis</strong></span> <span class='ocrx_word' id='word_1_200' title='bbox 698 2365 743 2421; x_wconf 90' lang='lat' dir='ltr'><strong>est</strong></span> <span class='ocrx_word' id='word_1_201' title='bbox 758 2381 791 2421; x_wconf 91' lang='lat' dir='ltr'><strong>ac</strong></span> <span class='ocrx_word' id='word_1_202' title='bbox 807 2361 896 2421; x_wconf 90' lang='lat' dir='ltr'><strong>etiam</strong></span> <span class='ocrx_word' id='word_1_203' title='bbox 911 2361 1079 2419; x_wconf 80' lang='lat' dir='ltr'><strong>incendium</strong></span> 
     </span>
     <span class='ocr_line' id='line_1_26' title="bbox 60 2449 1123 2528; baseline -0.002 -18"><span class='ocrx_word' id='word_1_204' title='bbox 60 2449 158 2510; x_wconf 91' lang='lat' dir='ltr'><strong>omnis</strong></span> <span class='ocrx_word' id='word_1_205' title='bbox 180 2449 345 2510; x_wconf 83' lang='lat' dir='ltr'><strong>viriditatis</strong></span> <span class='ocrx_word' id='word_1_206' title='bbox 367 2451 568 2511; x_wconf 90' lang='lat' dir='ltr'><strong>immobilium</strong></span> <span class='ocrx_word' id='word_1_207' title='bbox 596 2453 798 2510; x_wconf 79' lang='lat' dir='ltr'><strong>creaturarum</strong></span> <span class='ocrx_word' id='word_1_208' title='bbox 816 2452 878 2528; x_wconf 85' lang='lat' dir='ltr'><strong>est.</strong></span> <span class='ocrx_word' id='word_1_209' title='bbox 917 2449 961 2509; x_wconf 89' lang='lat' dir='ltr'><strong>De</strong></span> <span class='ocrx_word' id='word_1_210' title='bbox 984 2450 1080 2508; x_wconf 87' lang='lat' dir='ltr'><strong>calore</strong></span> <span class='ocrx_word' id='word_1_211' title='bbox 1093 2462 1123 2508; x_wconf 78' lang='lat'><strong>25</strong></span> 
     </span>
     <span class='ocr_line' id='line_1_27' title="bbox 61 2537 1080 2617; baseline -0.002 -20"><span class='ocrx_word' id='word_1_212' title='bbox 61 2538 183 2598; x_wconf 90' lang='lat' dir='ltr'><strong>humidi</strong></span> <span class='ocrx_word' id='word_1_213' title='bbox 215 2540 290 2598; x_wconf 89' lang='lat' dir='ltr'><strong>aeris</strong></span> <span class='ocrx_word' id='word_1_214' title='bbox 315 2543 430 2617; x_wconf 85' lang='lat' dir='ltr'><strong>manat,</strong></span> <span class='ocrx_word' id='word_1_215' title='bbox 465 2543 496 2600; x_wconf 91' lang='lat' dir='ltr'><strong>et</strong></span> <span class='ocrx_word' id='word_1_216' title='bbox 531 2541 557 2600; x_wconf 93' lang='lat' dir='ltr'><strong>si</strong></span> <span class='ocrx_word' id='word_1_217' title='bbox 587 2540 712 2600; x_wconf 87' lang='lat' dir='ltr'><strong>calorem</strong></span> <span class='ocrx_word' id='word_1_218' title='bbox 746 2558 806 2599; x_wconf 92' lang='lat' dir='ltr'><strong>non</strong></span> <span class='ocrx_word' id='word_1_219' title='bbox 835 2538 973 2611; x_wconf 87' lang='lat' dir='ltr'><strong>haberet,</strong></span> <span class='ocrx_word' id='word_1_220' title='bbox 1005 2537 1080 2596; x_wconf 89' lang='lat' dir='ltr'><strong>dura</strong></span> 
     </span>
     <span class='ocr_line' id='line_1_28' title="bbox 61 2626 1079 2706; baseline 0 -19"><span class='ocrx_word' id='word_1_221' title='bbox 61 2630 188 2706; x_wconf 88' lang='lat' dir='ltr'><strong>propter</strong></span> <span class='ocrx_word' id='word_1_222' title='bbox 222 2629 318 2706; x_wconf 83' lang='lat' dir='ltr'><strong>frigus</strong></span> <span class='ocrx_word' id='word_1_223' title='bbox 352 2632 436 2691; x_wconf 89' lang='lat' dir='ltr'><strong>esset.</strong></span> <span class='ocrx_word' id='word_1_224' title='bbox 488 2629 533 2689; x_wconf 91' lang='lat' dir='ltr'><strong>De</strong></span> <span class='ocrx_word' id='word_1_225' title='bbox 571 2631 669 2689; x_wconf 89' lang='lat' dir='ltr'><strong>calore</strong></span> <span class='ocrx_word' id='word_1_226' title='bbox 703 2628 815 2704; x_wconf 88' lang='lat' dir='ltr'><strong>quippe</strong></span> <span class='ocrx_word' id='word_1_227' title='bbox 849 2626 953 2686; x_wconf 91' lang='lat' dir='ltr'><strong>defluit</strong></span> <span class='ocrx_word' id='word_1_228' title='bbox 986 2630 1016 2687; x_wconf 92' lang='lat' dir='ltr'><strong>et</strong></span> <span class='ocrx_word' id='word_1_229' title='bbox 1044 2627 1079 2688; x_wconf 90' lang='lat' dir='ltr'><strong>de</strong></span> 
     </span>
     <span class='ocr_line' id='line_1_29' title="bbox 61 2716 1079 2793; baseline 0 -17"><span class='ocrx_word' id='word_1_230' title='bbox 61 2717 243 2777; x_wconf 88' lang='lat' dir='ltr'><strong>humiditate</strong></span> <span class='ocrx_word' id='word_1_231' title='bbox 267 2718 343 2778; x_wconf 84' lang='lat' dir='ltr'><strong>ceris</strong></span> <span class='ocrx_word' id='word_1_232' title='bbox 365 2722 475 2782; x_wconf 87' lang='lat' dir='ltr'><strong>manat.</strong></span> <span class='ocrx_word' id='word_1_233' title='bbox 514 2718 601 2789; x_wconf 79' lang='lat' dir='ltr'><strong>Quod</strong></span> <span class='ocrx_word' id='word_1_234' title='bbox 624 2718 650 2777; x_wconf 91' lang='lat' dir='ltr'><strong>si</strong></span> <span class='ocrx_word' id='word_1_235' title='bbox 668 2717 746 2776; x_wconf 91' lang='lat' dir='ltr'><strong>hunc</strong></span> <span class='ocrx_word' id='word_1_236' title='bbox 763 2736 860 2777; x_wconf 86' lang='lat' dir='ltr'><strong>aerem</strong></span> <span class='ocrx_word' id='word_1_237' title='bbox 875 2736 934 2777; x_wconf 93' lang='lat' dir='ltr'><strong>non</strong></span> <span class='ocrx_word' id='word_1_238' title='bbox 948 2716 1079 2793; x_wconf 89' lang='lat' dir='ltr'><strong>haberet,</strong></span> 
     </span>
     <span class='ocr_line' id='line_1_30' title="bbox 59 2806 1080 2884; baseline -0.001 -17"><span class='ocrx_word' id='word_1_239' title='bbox 59 2809 154 2867; x_wconf 87' lang='lat' dir='ltr'><strong>fluere</strong></span> <span class='ocrx_word' id='word_1_240' title='bbox 184 2826 243 2867; x_wconf 92' lang='lat' dir='ltr'><strong>non</strong></span> <span class='ocrx_word' id='word_1_241' title='bbox 270 2811 378 2884; x_wconf 89' lang='lat' dir='ltr'><strong>posset.</strong></span> <span class='ocrx_word' id='word_1_242' title='bbox 424 2808 468 2867; x_wconf 94' lang='lat' dir='ltr'><strong>De</strong></span> <span class='ocrx_word' id='word_1_243' title='bbox 498 2808 544 2866; x_wconf 89' lang='lat' dir='ltr'><strong>his</strong></span> <span class='ocrx_word' id='word_1_244' title='bbox 574 2808 652 2867; x_wconf 91' lang='lat' dir='ltr'><strong>enim</strong></span> <span class='ocrx_word' id='word_1_245' title='bbox 679 2806 775 2866; x_wconf 90' lang='lat' dir='ltr'><strong>tribus</strong></span> <span class='ocrx_word' id='word_1_246' title='bbox 805 2807 933 2879; x_wconf 90' lang='lat' dir='ltr'><strong>viribus,</strong></span> <span class='ocrx_word' id='word_1_247' title='bbox 968 2807 1080 2866; x_wconf 88' lang='lat' dir='ltr'><strong>scilicet</strong></span> 
     </span>
     <span class='ocr_line' id='line_1_31' title="bbox 60 2896 1120 2973; baseline -0.003 -16"><span class='ocrx_word' id='word_1_248' title='bbox 60 2898 169 2973; x_wconf 85' lang='lat' dir='ltr'><strong>celere,</strong></span> <span class='ocrx_word' id='word_1_249' title='bbox 200 2897 325 2957; x_wconf 88' lang='lat' dir='ltr'><strong>humore</strong></span> <span class='ocrx_word' id='word_1_250' title='bbox 358 2900 388 2956; x_wconf 90' lang='lat' dir='ltr'><strong>et</strong></span> <span class='ocrx_word' id='word_1_251' title='bbox 416 2916 483 2957; x_wconf 90' lang='grc'><strong>0000</strong></span> <span class='ocrx_word' id='word_1_252' title='bbox 508 2897 595 2958; x_wconf 86' lang='lat' dir='ltr'><strong>velox</strong></span> <span class='ocrx_word' id='word_1_253' title='bbox 625 2898 681 2973; x_wconf 90' lang='lat' dir='ltr'><strong>est,</strong></span> <span class='ocrx_word' id='word_1_254' title='bbox 714 2896 757 2955; x_wconf 90' lang='lat' dir='ltr'><strong>ita</strong></span> <span class='ocrx_word' id='word_1_255' title='bbox 783 2897 820 2956; x_wconf 88' lang='lat' dir='ltr'><strong>ut</strong></span> <span class='ocrx_word' id='word_1_256' title='bbox 846 2896 922 2954; x_wconf 91' lang='lat' dir='ltr'><strong>nihil</strong></span> <span class='ocrx_word' id='word_1_257' title='bbox 953 2897 1078 2969; x_wconf 89' lang='lat' dir='ltr'><strong>resistat,</strong></span> <span class='ocrx_word' id='word_1_258' title='bbox 1092 2908 1120 2954; x_wconf 84' lang='lat'><strong>30</strong></span> 
     </span>
     <span class='ocr_line' id='line_1_32' title="bbox 59 2985 1080 3063; baseline -0.003 -16"><span class='ocrx_word' id='word_1_259' title='bbox 59 2986 114 3047; x_wconf 92' lang='lat' dir='ltr'><strong>ubi</strong></span> <span class='ocrx_word' id='word_1_260' title='bbox 145 2987 213 3063; x_wconf 91' lang='lat' dir='ltr'><strong>ipsa</strong></span> <span class='ocrx_word' id='word_1_261' title='bbox 245 2986 491 3062; x_wconf 85' lang='lat' dir='ltr'><strong>superexcellevit.</strong></span> <span class='ocrx_word' id='word_1_262' title='bbox 546 2985 604 3045; x_wconf 85' lang='lat' dir='ltr'><strong>Sed</strong></span> <span class='ocrx_word' id='word_1_263' title='bbox 632 2988 661 3045; x_wconf 90' lang='lat' dir='ltr'><strong>et</strong></span> <span class='ocrx_word' id='word_1_264' title='bbox 686 2985 778 3063; x_wconf 81' lang='lat' dir='ltr'><strong>lignis</strong></span> <span class='ocrx_word' id='word_1_265' title='bbox 810 3004 931 3045; x_wconf 91' lang='lat' dir='ltr'><strong>succum</strong></span> <span class='ocrx_word' id='word_1_266' title='bbox 966 2985 1018 3046; x_wconf 87' lang='lat' dir='ltr'><strong>dat</strong></span> <span class='ocrx_word' id='word_1_267' title='bbox 1049 2990 1080 3045; x_wconf 92' lang='lat' dir='ltr'><strong>et</strong></span> 
     </span>
     <span class='ocr_line' id='line_1_33' title="bbox 62 3074 1078 3151; baseline -0.004 -15"><span class='ocrx_word' id='word_1_268' title='bbox 62 3096 129 3137; x_wconf 91' lang='lat' dir='ltr'><strong>aere</strong></span> <span class='ocrx_word' id='word_1_269' title='bbox 152 3095 207 3136; x_wconf 91' lang='lat' dir='ltr'><strong>suo</strong></span> <span class='ocrx_word' id='word_1_270' title='bbox 231 3075 332 3135; x_wconf 86' lang='lat' dir='ltr'><strong>eadem</strong></span> <span class='ocrx_word' id='word_1_271' title='bbox 356 3076 479 3135; x_wconf 90' lang='lat' dir='ltr'><strong>mobilia</strong></span> <span class='ocrx_word' id='word_1_272' title='bbox 501 3075 574 3134; x_wconf 85' lang='lat' dir='ltr'><strong>facit</strong></span> <span class='ocrx_word' id='word_1_273' title='bbox 601 3077 691 3151; x_wconf 89' lang='lat' dir='ltr'><strong>atque</strong></span> <span class='ocrx_word' id='word_1_274' title='bbox 721 3074 816 3134; x_wconf 85' lang='lat' dir='ltr'><strong>calido</strong></span> <span class='ocrx_word' id='word_1_275' title='bbox 839 3075 963 3134; x_wconf 89' lang='lat' dir='ltr'><strong>humore</strong></span> <span class='ocrx_word' id='word_1_276' title='bbox 985 3075 1078 3150; x_wconf 89' lang='lat' dir='ltr'><strong>pomi-</strong></span> 
     </span>
     <span class='ocr_line' id='line_1_34' title="bbox 59 3163 1078 3244; baseline -0.004 -18"><span class='ocrx_word' id='word_1_277' title='bbox 59 3166 150 3244; x_wconf 80' lang='lat' dir='ltr'><strong>feris,</strong></span> <span class='ocrx_word' id='word_1_278' title='bbox 183 3166 295 3226; x_wconf 90' lang='lat' dir='ltr'><strong>scilicet</strong></span> <span class='ocrx_word' id='word_1_279' title='bbox 324 3165 485 3242; x_wconf 90' lang='lat' dir='ltr'><strong>unicuique</strong></span> <span class='ocrx_word' id='word_1_280' title='bbox 512 3163 677 3226; x_wconf 91' lang='lat' dir='ltr'><strong>secundum</strong></span> <span class='ocrx_word' id='word_1_281' title='bbox 704 3183 797 3242; x_wconf 81' lang='lat' dir='ltr'><strong>genus</strong></span> <span class='ocrx_word' id='word_1_282' title='bbox 825 3182 925 3240; x_wconf 89' lang='lat' dir='ltr'><strong>suum,</strong></span> <span class='ocrx_word' id='word_1_283' title='bbox 956 3167 1078 3240; x_wconf 83' lang='lat' dir='ltr'><strong>gustum</strong></span> 
     </span>
     <span class='ocr_line' id='line_1_35' title="bbox 59 3252 1077 3316; baseline -0.007 0"><span class='ocrx_word' id='word_1_284' title='bbox 59 3256 185 3316; x_wconf 89' lang='lat' dir='ltr'><strong>tribuit.</strong></span> <span class='ocrx_word' id='word_1_285' title='bbox 217 3253 333 3314; x_wconf 86' lang='lat' dir='ltr'><strong>Herbue</strong></span> <span class='ocrx_word' id='word_1_286' title='bbox 356 3255 446 3315; x_wconf 89' lang='lat' dir='ltr'><strong>etiam</strong></span> <span class='ocrx_word' id='word_1_287' title='bbox 470 3253 506 3314; x_wconf 92' lang='lat' dir='ltr'><strong>de</strong></span> <span class='ocrx_word' id='word_1_288' title='bbox 528 3254 639 3314; x_wconf 84' lang='lat' dir='ltr'><strong>fluente</strong></span> <span class='ocrx_word' id='word_1_289' title='bbox 661 3253 786 3313; x_wconf 90' lang='lat' dir='ltr'><strong>humore</strong></span> <span class='ocrx_word' id='word_1_290' title='bbox 810 3254 874 3313; x_wconf 92' lang='lat' dir='ltr'><strong>eius</strong></span> <span class='ocrx_word' id='word_1_291' title='bbox 896 3252 1077 3312; x_wconf 86' lang='lat' dir='ltr'><strong>viriditatem</strong></span> 
     </span>
     <span class='ocr_line' id='line_1_36' title="bbox 60 3339 1118 3420; baseline -0.009 -14"><span class='ocrx_word' id='word_1_292' title='bbox 60 3346 90 3405; x_wconf 93' lang='lat' dir='ltr'><strong>in</strong></span> <span class='ocrx_word' id='word_1_293' title='bbox 114 3365 145 3406; x_wconf 92' lang='lat' dir='ltr'><strong>se</strong></span> <span class='ocrx_word' id='word_1_294' title='bbox 173 3343 292 3420; x_wconf 90' lang='lat' dir='ltr'><strong>habent,</strong></span> <span class='ocrx_word' id='word_1_295' title='bbox 316 3346 346 3403; x_wconf 90' lang='lat' dir='ltr'><strong>et</strong></span> <span class='ocrx_word' id='word_1_296' title='bbox 370 3344 481 3420; x_wconf 90' lang='lat' dir='ltr'><strong>lapides</strong></span> <span class='ocrx_word' id='word_1_297' title='bbox 509 3342 545 3403; x_wconf 90' lang='lat' dir='ltr'><strong>de</strong></span> <span class='ocrx_word' id='word_1_298' title='bbox 567 3343 691 3403; x_wconf 88' lang='lat' dir='ltr'><strong>humore</strong></span> <span class='ocrx_word' id='word_1_299' title='bbox 715 3343 778 3403; x_wconf 90' lang='lat' dir='ltr'><strong>eius</strong></span> <span class='ocrx_word' id='word_1_300' title='bbox 801 3342 917 3404; x_wconf 86' lang='lat' dir='ltr'><strong>sudant.</strong></span> <span class='ocrx_word' id='word_1_301' title='bbox 962 3339 1010 3399; x_wconf 84' lang='lat' dir='ltr'><strong>Sic</strong></span> <span class='ocrx_word' id='word_1_302' title='bbox 1032 3340 1077 3400; x_wconf 90' lang='lat' dir='ltr'><strong>vis</strong></span> <span class='ocrx_word' id='word_1_303' title='bbox 1091 3352 1118 3397; x_wconf 82' lang='lat'><strong>35</strong></span> 
     </span>
    </p>
   </div>
   <div class='ocr_carea' id='block_1_3' title="bbox 133 3535 720 3612">
    <p class='ocr_par' dir='ltr' id='par_1_5' title="bbox 133 3535 720 3612">
     <span class='ocr_line' id='line_1_37' title="bbox 133 3535 720 3612; baseline -0.019 -4"><span class='ocrx_word' id='word_1_304' title='bbox 133 3535 155 3607; x_wconf 85' lang='grc'><strong>1)</strong></span> <span class='ocrx_word' id='word_1_305' title='bbox 175 3535 348 3604; x_wconf 65' lang='lat' dir='ltr'><strong>cue-cru</strong></span> <span class='ocrx_word' id='word_1_306' title='bbox 369 3561 401 3582; x_wconf 83' lang='lat'><strong>=</strong></span> <span class='ocrx_word' id='word_1_307' title='bbox 419 3535 520 3610; x_wconf 78' lang='lat' dir='ltr'><strong>Migne</strong></span> <span class='ocrx_word' id='word_1_308' title='bbox 537 3555 567 3612; x_wconf 80' lang='lat' dir='ltr'><strong>p.</strong></span> <span class='ocrx_word' id='word_1_309' title='bbox 589 3537 661 3598; x_wconf 84' lang='lat'>1211</span> <span class='ocrx_word' id='word_1_310' title='bbox 682 3539 720 3597; x_wconf 76' lang='lat' dir='ltr'><strong>u.</strong></span> 
     </span>
    </p>
   </div>
   <div class='ocr_carea' id='block_1_4' title="bbox 0 0 1234 3862">
    <p class='ocr_par' dir='ltr' id='par_1_6' title="bbox 0 0 1234 3862">
     <span class='ocr_line' id='line_1_38' title="bbox 0 0 1234 3862; baseline 0 0"><span class='ocrx_word' id='word_1_311' title='bbox 0 0 1234 3862; x_wconf 95' lang='lat' dir='ltr'><strong> </strong></span> 
     </span>
    </p>
   </div>
  </div>
 </body>
</html>
