2438 3854
133 130 196 189 206
519 122 765 180 marcianis

131 313 230 367 autem
254 309 352 380 faciat,
376 309 449 367 dum
471 312 601 370 sanetur.
640 306 727 368 Oalor
748 309 829 367 enim
854 311 1013 372 verbenae
1035 319 1065 373 et
1084 317 1149 375 calor

131 397 288 473 oephaniae
312 416 345 458 ac
365 399 445 457 calor
459 398 594 457 nimmoli
609 417 662 458 seu
676 398 830 475 frigiditas
846 400 1016 462 saxifriaae
1032 405 1149 482 aliquan·

130 492 197 544 tum
220 490 324 546 acutos
344 505 445 547 succos
460 488 577 563 habent,
601 492 722 547 etcum
745 489 844 546 calore
867 490 936 548 vini
954 495 1149 568 temperantur

130 580 161 633 et
183 576 213 634 in
236 579 312 652 potu
334 581 495 636 sumantur
517 578 562 636 vel
587 596 654 635 cum
678 577 775 636 calore
797 577 864 636 vini
886 579 941 638 vel
967 583 1067 642 calore
1085 584 1148 662 sagi·

103 664 216 724 sminie
259 684 293 724 ac
325 685 394 724 cum
427 666 592 744 frigiditate
626 667 674 726 ovi
704 669 828 743 propter
857 668 982 728 bonum
1026 691 1149 748 saporam

130 757 357 830 componuntur.
381 759 417 814 ut
440 756 606 832 praefatum
627 760 679 832 eet,
702 755 861 816 acerbitati
884 757 972 818 fellis
997 764 1030 820 et
1050 763 1146 822 malan-

129 844 220 904 coliae
243 845 386 903 resistunt
409 849 439 904 et
453 845 634 921 praedictam
655 848 770 922 pestem
789 846 904 909 sedant.
937 847 1040 909 Potae
1056 856 1145 911 autam

128 933 185 993 iste
208 954 225 992 a
248 934 347 993 ieiuno
370 934 489 993 homine
512 935 670 1010 praecipue
686 937 829 1010 sumetur,
855 937 1010 1012 quatinus
1025 940 1147 1000 membra

128 1023 191 1082 eius
215 1023 302 1082 citius
325 1026 522 1099 pertranseat,
553 1043 643 1100 quam
666 1024 691 1083 ei
713 1042 839 1100 pransus
868 1025 922 1098 eit3
960 1029 1039 1103 quin
1068 1031 1147 1089 etiam
1165 1048 1175 1095 r

89 1125 115 1168 10
128 1111 224 1189 ignito
248 1110 341 1172 calibe
364 1112 590 1184 confortabitur,
610 1116 646 1172 ut
664 1116 749 1173 tanto
764 1114 874 1173 fortias
889 1115 1023 1176 eandam
1044 1114 1168 1194 pestem*

128 1219 193 1260 com
216 1206 303 1261 cecat.

194 1221 242 1351 ile
271 1287 459 1365 epalempsa.
519 1285 544 1366 1)
553 1290 611 1362 Qui
645 1309 663 1348 a
694 1291 804 1350 caduco
840 1293 951 1354 morbo
992 1250 1175 1375 fatigabat

128 1380 301 1456 sanguinem
324 1380 422 1456 talpae
438 1381 565 1455 accipiat
587 1382 617 1439 et
632 1399 701 1438 eum
716 1381 840 1440 exsiccet
856 1385 889 1440 et
902 1384 1003 1444 etiam
1018 1391 1138 1447 rostram

127 1476 228 1528 anetae
261 1471 372 1530 scilicet
404 1470 529 1528 feminae
560 1489 593 1529 aa
622 1487 739 1546 ungues
766 1471 877 1530 anseris
907 1473 1005 1533 etism
1029 1477 1139 1536 feminee

87 1571 113 1615 15
129 1559 241 1634 absque
264 1563 333 1618 cute
355 1562 386 1618 ct
408 1578 494 1618 carne
517 1559 643 1635 accipiat
664 1560 694 1617 ct
709 1558 781 1619 haec
795 1559 827 1616 in
842 1561 1008 1635 pulverem
1023 1565 1137 1625 radendo

127 1651 180 1706 aut
195 1648 317 1708 terendo
333 1649 459 1725 redigat,
482 1649 526 1706 ita
541 1647 621 1725 quod
637 1648 736 1723 pulvis
751 1649 842 1708 rostri
858 1655 967 1711 anetae
984 1654 1032 1714 bis
1047 1658 1135 1715 tantm

126 1738 164 1794 sit
195 1740 231 1796 ut
257 1738 357 1813 pulvis
386 1738 494 1797 anseris
521 1740 551 1796 et
578 1737 659 1813 quod
686 1738 806 1814 sanguis
829 1738 931 1816 talpae
956 1741 1007 1802 bis
1030 1744 1136 1804 excedat

124 1826 289 1902 pulverem,
315 1828 367 1903 qui
390 1828 546 1886 dorostro
569 1830 671 1885 anetae
694 1827 791 1886 factus
816 1829 869 1902 est,
903 1832 935 1888 et
959 1829 1036 1892 haec
1057 1832 1135 1894 sirau]

123 1915 154 1972 in
177 1934 308 1990 pannum
338 1935 406 1974 cum
434 1916 586 1992 praedicto
621 1916 764 1992 sanguine
793 1916 888 1993 ligata
922 1919 956 1977 in
987 1922 1062 1994 loco,
1091 1922 1134 1980 ubi

84 2016 111 2060 20
124 2005 207 2079 talpa
222 2005 339 2063 noviter
353 2008 464 2063 terram
480 2006 574 2077 eiecit,
598 2005 802 2080 pertriduum
817 2010 920 2081 ponat.
952 2008 1065 2071 Postea
1077 2011 1133 2070 inde

124 2093 230 2168 ablata,
253 2093 306 2152 abi
322 2095 430 2170 glacies
452 2098 505 2165 est,
528 2097 627 2170 ponat,
643 2098 680 2153 ut
695 2095 874 2171 congeletur,
900 2099 932 2155 et
947 2098 1064 2159 iterum
1077 2099 1133 2159 inda

123 2182 221 2242 ablata
243 2184 274 2241 in
297 2184 358 2242 sole
381 2184 485 2243 siccari
507 2183 605 2246 faciat.
643 2183 756 2242 Deinde
773 2188 871 2243 sumat
894 2189 1018 2261 partam
1039 2189 1132 2249 iecoris

121 2273 253 2333 cuiusvis
277 2273 411 2332 animalis
434 2276 464 2331 et
487 2273 628 2345 volucris,
653 2291 729 2348 quae
756 2273 972 2348 comeduntur,
998 2283 1133 2354 quantun

121 2362 156 2420 da
188 2364 233 2423 his
263 2362 371 2422 habere
401 2362 548 2438 potuerit,
581 2365 612 2421 et
639 2381 674 2420 ex
704 2361 775 2436 ipsis
803 2381 872 2421 cum
894 2382 992 2439 parva
1014 2367 1133 2426 farinula

79 2463 106 2508 25
122 2452 235 2512 similae
258 2453 395 2512 tortellos
418 2456 504 2526 paret
519 2455 549 2509 et
565 2451 600 2510 de
615 2450 765 2526 praedicto
780 2452 905 2526 pulvere
920 2454 1024 2514 minus
1040 2455 1130 2530 addat,

122 2561 212 2616 quam
235 2542 458 2618 praedictorum
480 2541 611 2598 iecorum
634 2540 682 2616 sit,
706 2543 737 2598 et
763 2541 913 2600 modicum
942 2542 1088 2603 ciminum
1108 2548 1132 2603 et

121 2631 163 2689 sic
187 2631 330 2694 comedat.
375 2629 451 2688 Nam
475 2629 555 2706 quod
578 2629 661 2704 talpa
684 2630 844 2704 aliquando
867 2649 897 2688 sa
921 2634 1064 2710 ostendit,
1089 2634 1132 2692 ali·

122 2720 240 2792 quando
264 2721 354 2778 etiam
378 2737 408 2778 se
431 2718 593 2790 abscondit,
625 2723 654 2778 et
682 2719 763 2795 quod
790 2721 901 2777 terram
929 2721 1036 2782 fodere
1058 2725 1131 2796 solet,

121 2809 239 2883 sanguis
263 2809 326 2867 eius
349 2808 420 2867 huic
443 2808 553 2884 morbo,
578 2808 631 2883 qui
653 2808 803 2866 interdum
826 2809 964 2885 sentitur,
989 2812 1131 2872 interdum

78 2907 105 2951 eo
121 2896 242 2971 celatur,
266 2897 386 2959 resistit.
416 2897 455 2955 Et
471 2898 552 2973 quod
576 2898 664 2956 etiam
688 2897 834 2956 fortitudo
858 2900 961 2958 anetae
985 2901 1019 2959 in
1040 2905 1130 2961 rostro

118 2987 163 3043 est
185 2989 215 3043 et
238 2986 318 3060 quod
342 3004 409 3044 cam
426 2989 521 3045 rostro
544 2986 656 3044 munda
676 2989 706 3044 et
728 2987 881 3045 immunda
903 2990 1019 3065 tangit,
1048 2991 1130 3050 etiam

117 3074 188 3133 huic
210 3074 326 3145 morbo,
360 3075 412 3150 qui
434 3094 572 3151 praeceps
596 3079 626 3135 et
657 3075 766 3135 tacitus
794 3079 850 3147 est,
882 3084 1045 3154 repugnat.
1089 3079 1130 3137 Ita

117 3165 206 3223 etiam
239 3166 269 3222 et
299 3181 415 3239 ungues
443 3165 563 3240 anseris,
595 3165 647 3241 qui
678 3183 756 3240 aqua
783 3165 897 3240 perfrui
928 3172 1002 3228 sunt
1030 3173 1060 3228 et
1082 3168 1129 3245 qui

116 3254 206 3314 etiam
230 3270 365 3330 quaeque
387 3252 507 3311 sordida
529 3257 671 3330 tangunt,
702 3254 770 3329 picit
792 3254 886 3313 eidem
909 3256 1018 3316 morbo
1042 3259 1127 3330 sedat,

75 3352 104 3399 35
117 3343 261 3420 quoniam
275 3342 353 3401 idem
369 3341 490 3401 morbus
506 3361 574 3402 cum
590 3345 677 3420 gutta
693 3360 778 3418 saepe
801 3344 956 3407 excitatur.
989 3346 1128 3406 Rostrum

172 3537 196 3612 ¹)
218 3557 240 3596 v.
269 3541 352 3597 12-
363 3561 392 3616 p.
408 3539 489 3612 rosa
513 3564 548 3584 =
566 3535 675 3604 aalma
691 3529 771 3582 iasa
790 3524 885 3576 a-u.
