2460 3862
162 149 202 208 38
548 139 794 197 HILDEGARDIS

160 327 242 386 tibus
265 327 362 386 oritur
384 328 512 402 atquae
534 326 619 385 velut
640 325 823 401 periculosas
839 326 963 402 sagittas
978 326 1010 384 in
1033 343 1123 385 venas
1147 327 1177 384 et

159 415 304 475 medullas
331 433 366 474 ac
396 414 428 473 in
455 433 572 474 carnem
600 434 702 475 eorum
730 415 853 492 emittit,
880 418 916 474 ut
943 415 1057 474 fervens
1086 433 1174 491 aqna,

160 525 236 582 quae
257 505 420 565 ferventem
442 523 579 579 spumam
601 505 678 564 eicit

227 594 315 668 (Dc)
338 595 521 669 flcqmcticis.
562 592 637 652 Nam
660 613 728 654 cum
750 595 782 652 in
803 593 851 652 his
873 592 1043 652 hominibus
1067 593 1177 653 diversi

132 684 299 742 shumores
332 684 505 761 flegmatum
536 684 711 756 excitantur,
742 682 786 742 ite
808 682 890 758 quod
912 682 1014 741 eadem
1036 682 1178 759 flegmata

160 773 195 831 de
218 772 411 832 immoderato
444 773 508 832 cibo
536 775 567 831 ct
595 774 670 848 potu
699 789 733 830 ac
761 772 796 830 de
823 773 924 848 inepta
945 771 1075 847 laetitia,
1108 771 1176 831 tris·

158 861 228 920 titia
249 865 279 920 et
300 862 346 919 ira
368 882 402 922 ac
425 862 461 920 de
482 862 678 920 immoderata
692 861 815 920 libidine
830 861 862 919 in
878 861 989 921 eisdem
1003 860 1177 920 hominibus

159 951 384 1028 concutiuntur,
411 954 483 1010 tunc
505 950 668 1023 ebulliunt,
692 951 778 1027 quasi
800 970 878 1027 aqua
900 951 931 1008 in
955 949 1083 1009 calderio
1108 950 1178 1028 igne

159 1041 327 1117 supposito,
355 1044 385 1100 et
412 1040 554 1099 emittunt
575 1041 659 1099 velut
685 1041 796 1116 ignitas
818 1041 920 1116 guttas
949 1042 980 1098 et
1002 1057 1049 1098 eas
1073 1041 1110 1098 ut
1132 1058 1177 1099 sa-

118 1139 146 1185 10
159 1130 249 1207 giltas
282 1131 314 1189 in
348 1148 465 1189 carnem
499 1133 530 1188 et
562 1129 594 1188 in
625 1129 798 1206 sanguinem
833 1132 863 1188 et
893 1129 925 1186 in
951 1146 1039 1188 venas
1072 1147 1177 1188 eorum

158 1219 284 1278 mittunt
315 1221 404 1294 atque
438 1216 569 1278 homines
600 1221 684 1277 tante
717 1218 877 1293 asperitate
909 1217 1054 1294 infigunt,
1091 1219 1177 1277 velut

157 1327 275 1366 amarus
297 1307 398 1367 fumus
422 1308 523 1367 oculos
547 1308 710 1371 confundit.
754 1307 794 1366 Et
809 1308 862 1384 qui
884 1307 971 1366 istius
995 1307 1174 1383 complexio·

156 1398 203 1456 nis
230 1400 309 1472 sunt,
341 1398 373 1455 in
403 1398 449 1455 ira
475 1398 593 1473 saepius
616 1397 816 1469 exardescunt,
848 1397 899 1455 sed
927 1415 991 1454 eam
1021 1396 1080 1455 cito
1104 1396 1176 1456 obli·

157 1486 238 1545 vioni
253 1487 377 1545 tradunt
392 1487 554 1546 bonitatem
570 1490 713 1557 ementes3
736 1489 779 1558 ut,
804 1504 872 1544 oum
893 1488 1052 1560 tempestas
1069 1486 1176 1559 oritur,

118 1587 145 1634 15
159 1575 263 1634 deinde
279 1577 323 1634 sol
339 1580 475 1651 apperet;
498 1576 541 1633 ita
555 1576 636 1649 quod
652 1575 740 1633 etiam
760 1575 829 1633 telis
845 1577 888 1633 est
902 1575 948 1634 vis
964 1574 1176 1649 complexionis

159 1665 305 1741 flegmatIs
328 1683 442 1736 eorum,
475 1663 556 1740 quod
578 1664 664 1723 facile
687 1663 831 1735 adirem,
859 1664 946 1722 facile
969 1662 1007 1721 ad
1029 1663 1178 1724 laetitiam

157 1753 330 1830 insurgunt3
353 1753 403 1811 sed
427 1753 464 1811 ed
487 1753 604 1828 plenem
626 1756 809 1812 senectutem
831 1771 889 1811 non
912 1752 1099 1827 perveniunt.

224 1843 270 1902 Dc
291 1842 500 1904 melancolicis.
545 1841 622 1900 Sunt
648 1861 718 1901 vero
747 1842 799 1900 elii
821 1841 962 1917 homines,
992 1842 1046 1917 qui
1073 1842 1177 1901 tristes

157 1949 192 1989 ac
215 1930 313 1990 timidi
340 1949 374 1990 ac
400 1931 470 2008 regi
496 1931 528 1988 in
551 1931 698 1990 mentibus
727 1932 787 1990 suis
815 1935 892 2002 sunt,
920 1930 963 1988 ita
986 1930 1068 2005 quod
1091 1931 1176 1990 nulla

119 2022 242 2078 noneste
264 2021 437 2079 constitutio
461 2022 492 2078 et
514 2024 609 2079 status
631 2021 663 2078 in
686 2021 727 2080 eis
751 2023 804 2081 est.
836 2018 894 2079 Sed
908 2022 979 2079 sunt
999 2023 1036 2078 ut
1059 2020 1177 2079 validus

160 2113 275 2186 ventus,
301 2109 354 2185 qui
377 2109 514 2168 omnibus
536 2109 636 2169 herbis
660 2114 690 2168 et
712 2109 860 2169 fructibus
875 2109 990 2168 inutilis
1007 2111 1060 2170 est.
1091 2108 1177 2169 Unde

156 2199 188 2257 in
210 2199 257 2257 his
280 2199 384 2257 crescit
406 2199 520 2275 flegma,
545 2199 625 2274 quod
647 2218 700 2258 neo
722 2198 881 2257 humidum
896 2217 949 2258 nec
969 2199 1099 2273 spissum
1123 2202 1176 2275 est,

157 2289 208 2348 sed
230 2288 373 2363 tepidum,
405 2290 435 2346 et
459 2287 540 2368 quod
564 2291 665 2347 estut
687 2287 773 2362 livor,
806 2288 859 2364 qui
882 2291 970 2347 tenax
992 2293 1045 2360 est,
1069 2291 1099 2346 et
1123 2289 1176 2364 qui

156 2397 187 2436 se
209 2381 245 2436 ut
267 2378 383 2455 gummi
413 2378 445 2435 in
474 2378 597 2454 longum
629 2377 785 2452 protrahit,
818 2379 849 2435 et
875 2377 929 2452 qui
956 2378 1044 2451 paret
1066 2376 1177 2436 melan·

118 2477 147 2522 25
160 2468 274 2542 coliem,
295 2487 370 2543 quae
385 2466 417 2524 in
432 2467 529 2542 primo
546 2470 615 2526 ortu
631 2467 666 2524 de
682 2467 791 2526 semine
806 2465 890 2524 Adae
905 2470 973 2525 orta
989 2469 1034 2525 est
1050 2465 1086 2524 de
1101 2467 1176 2525 flatu

156 2557 307 2633 serpentia,
331 2556 472 2632 quoniam
494 2555 592 2614 Adam
615 2555 771 2615 consilium
793 2556 875 2614 illius
898 2555 929 2613 in
952 2555 1016 2613 cibo
1039 2555 1175 2630 perfecit

222 2646 268 2705 Dc
289 2647 482 2705 melancoliae
503 2647 614 2707 morbo.
658 2645 698 2703 Et
724 2645 796 2704 haec
823 2644 997 2704 melancolia
1021 2645 1108 2721 nigra
1131 2649 1176 2705 est

157 2738 187 2794 st
210 2754 310 2792 amare
333 2737 363 2793 et
386 2754 471 2794 omne
494 2736 607 2793 malum
630 2735 711 2792 efflet
738 2753 772 2792 ec
798 2734 950 2793 interdum
979 2733 1068 2792 etiarn
1092 2733 1173 2792 infir·

156 2824 289 2882 mitatem
313 2823 350 2880 ed
373 2823 527 2882 cerebrum
550 2827 580 2882 et
603 2824 641 2883 ad
663 2842 713 2883 cor
734 2824 819 2899 qnasi
841 2841 930 2883 venas
954 2822 1079 2881 ebullire
1101 2822 1177 2883 facit

114 2922 143 2968 ³0
157 2914 246 2987 etque
269 2913 424 2971 tristitiem
452 2914 482 2971 et
510 2913 692 2972 dubietatem
720 2913 813 2972 totius
841 2912 1049 2972 consolationis
1078 2916 1175 2987 peret,

155 3002 198 3060 ite
220 3000 301 3076 quod
323 3000 412 3060 homo
436 3001 553 3059 nullum
575 3002 719 3079 gaudium
747 3001 855 3061 habere
883 3004 989 3077 potest,
1023 3002 1103 3076 quod
1137 3001 1176 3060 ad

155 3109 313 3166 supernam
335 3091 428 3150 vitem
452 3094 482 3149 et
505 3090 542 3147 ad
566 3091 794 3150 consolationem
816 3091 978 3166 praesentis
1001 3091 1080 3150 vitae
1102 3109 1172 3166 per·

155 3180 238 3241 tinet.
284 3178 365 3238 Haec
393 3183 492 3239 autem
520 3179 691 3239 melancolia
717 3181 861 3240 naturalis
889 3183 934 3239 est
957 3180 1037 3239 omni
1060 3179 1174 3240 homini

155 3268 303 3345 deprime
319 3270 508 3346 suggestione
524 3269 641 3343 diaboli,
658 3269 797 3345 quoniam
812 3270 901 3329 homo
917 3271 1110 3344 praeceptum
1126 3269 1175 3329 dei

114 3367 143 3415 35
157 3361 356 3435 transgressus
389 3362 433 3418 est
462 3359 494 3416 in
526 3358 590 3417 cibo
623 3360 713 3434 pomi.
759 3359 799 3418 llt
829 3359 865 3418 de
896 3359 952 3418 hoc
980 3354 1047 3418 cibo
1071 3358 1174 3418 eadem

155 3447 329 3508 melancolia
351 3449 382 3506 in
405 3448 502 3508 Adam
526 3450 556 3507 et
577 3448 609 3506 in
632 3449 712 3507 omni
735 3467 842 3525 genere
871 3449 933 3506 eius
961 3448 1055 3507 crevit
1085 3451 1176 3525 etque

152 3556 269 3596 omnem
288 3541 404 3614 pestem
429 3539 461 3597 in
476 3536 645 3598 hominibus
661 3538 777 3600 excitat.
822 3536 880 3596 Sed
900 3537 970 3613 quia
985 3537 1176 3613 praedictum
