<?xml version="1.0" encoding="UTF-8"?>
<!DOCTYPE html PUBLIC "-//W3C//DTD XHTML 1.0 Transitional//EN"
    "http://www.w3.org/TR/xhtml1/DTD/xhtml1-transitional.dtd">
<html xmlns="http://www.w3.org/1999/xhtml" xml:lang="en" lang="en">
 <head>
  <title>
</title>
<meta http-equiv="Content-Type" content="text/html;charset=utf-8" />
  <meta name='ocr-system' content='tesseract 3.04.00' />
  <meta name='ocr-capabilities' content='ocr_page ocr_carea ocr_par ocr_line ocrx_word'/>
</head>
<body>
  <div class='ocr_page' id='page_1' title='image "./hildegardiscaus01hildgoog_0232.png"; bbox 0 0 2460 3862; ppageno 0'>
   <div class='ocr_carea' id='block_1_1' title="bbox 359 122 1108 190">
    <p class='ocr_par' dir='ltr' id='par_1_1' title="bbox 359 122 1108 190">
     <span class='ocr_line' id='line_1_1' title="bbox 359 122 1108 190; baseline 0.011 -10"><span class='ocrx_word' id='word_1_1' title='bbox 359 125 500 182; x_wconf 78' lang='lat' dir='ltr'>CAUSAE</span> <span class='ocrx_word' id='word_1_2' title='bbox 520 124 567 181; x_wconf 83' lang='lat' dir='ltr'>ET</span> <span class='ocrx_word' id='word_1_3' title='bbox 586 123 708 179; x_wconf 75' lang='lat' dir='ltr'><strong>CURAE</strong></span> <span class='ocrx_word' id='word_1_4' title='bbox 726 124 793 180; x_wconf 83' lang='lat' dir='ltr'>LIB.</span> <span class='ocrx_word' id='word_1_5' title='bbox 814 122 846 177; x_wconf 92' lang='lat' dir='ltr'>V.</span> <span class='ocrx_word' id='word_1_6' title='bbox 1047 131 1108 190; x_wconf 80' lang='lat'>221</span> 
     </span>
    </p>
   </div>
   <div class='ocr_carea' id='block_1_2' title="bbox 34 307 1156 3594">
    <p class='ocr_par' dir='ltr' id='par_1_2' title="bbox 34 307 1156 3594">
     <span class='ocr_line' id='line_1_2' title="bbox 89 307 1111 386; baseline 0.002 -21"><span class='ocrx_word' id='word_1_7' title='bbox 89 307 146 366; x_wconf 89' lang='lat' dir='ltr'>sub</span> <span class='ocrx_word' id='word_1_8' title='bbox 163 326 198 366; x_wconf 87' lang='lat' dir='ltr'>ca</span> <span class='ocrx_word' id='word_1_9' title='bbox 214 310 290 368; x_wconf 86' lang='lat' dir='ltr'>cutis</span> <span class='ocrx_word' id='word_1_10' title='bbox 304 309 399 370; x_wconf 75' lang='lat' dir='ltr'>videri</span> <span class='ocrx_word' id='word_1_11' title='bbox 419 328 480 368; x_wconf 92' lang='lat' dir='ltr'>non</span> <span class='ocrx_word' id='word_1_12' title='bbox 492 310 581 381; x_wconf 80' lang='lat' dir='ltr'>valet,</span> <span class='ocrx_word' id='word_1_13' title='bbox 604 315 640 368; x_wconf 91' lang='lat' dir='ltr'>ut</span> <span class='ocrx_word' id='word_1_14' title='bbox 662 311 693 367; x_wconf 94' lang='lat' dir='ltr'>in</span> <span class='ocrx_word' id='word_1_15' title='bbox 708 309 800 368; x_wconf 90' lang='lat' dir='ltr'>rubeo</span> <span class='ocrx_word' id='word_1_16' title='bbox 824 330 922 386; x_wconf 90' lang='lat' dir='ltr'>pomo,</span> <span class='ocrx_word' id='word_1_17' title='bbox 947 308 1002 368; x_wconf 91' lang='lat' dir='ltr'>sub</span> <span class='ocrx_word' id='word_1_18' title='bbox 1026 309 1111 367; x_wconf 89' lang='lat' dir='ltr'>ouius</span> 
     </span>
     <span class='ocr_line' id='line_1_3' title="bbox 96 396 1113 475; baseline 0.002 -23"><span class='ocrx_word' id='word_1_19' title='bbox 96 396 240 457; x_wconf 80' lang='lat' dir='ltr'>rubedine</span> <span class='ocrx_word' id='word_1_20' title='bbox 258 398 342 458; x_wconf 90' lang='lat' dir='ltr'>nulla</span> <span class='ocrx_word' id='word_1_21' title='bbox 357 399 433 458; x_wconf 89' lang='lat' dir='ltr'>cutis</span> <span class='ocrx_word' id='word_1_22' title='bbox 448 398 575 471; x_wconf 81' lang='lat' dir='ltr'>videtur,</span> <span class='ocrx_word' id='word_1_23' title='bbox 598 398 649 458; x_wconf 88' lang='lat' dir='ltr'>sed</span> <span class='ocrx_word' id='word_1_24' title='bbox 663 403 782 458; x_wconf 87' lang='lat' dir='ltr'>tantum</span> <span class='ocrx_word' id='word_1_25' title='bbox 804 401 941 475; x_wconf 88' lang='lat' dir='ltr'>superius</span> <span class='ocrx_word' id='word_1_26' title='bbox 965 398 1113 474; x_wconf 81' lang='lat' dir='ltr'>quaedam</span> 
     </span>
     <span class='ocr_line' id='line_1_4' title="bbox 92 486 1112 563; baseline 0.007 -19"><span class='ocrx_word' id='word_1_27' title='bbox 92 486 219 559; x_wconf 86' lang='lat' dir='ltr'>rubedo;</span> <span class='ocrx_word' id='word_1_28' title='bbox 252 492 282 547; x_wconf 90' lang='lat' dir='ltr'>et</span> <span class='ocrx_word' id='word_1_29' title='bbox 318 488 374 547; x_wconf 91' lang='lat' dir='ltr'>iste</span> <span class='ocrx_word' id='word_1_30' title='bbox 406 489 465 547; x_wconf 89' lang='lat' dir='ltr'>cito</span> <span class='ocrx_word' id='word_1_31' title='bbox 495 487 704 563; x_wconf 89' lang='lat' dir='ltr'>infirmabitur,</span> <span class='ocrx_word' id='word_1_32' title='bbox 735 491 765 548; x_wconf 91' lang='lat' dir='ltr'>et</span> <span class='ocrx_word' id='word_1_33' title='bbox 794 507 874 548; x_wconf 89' lang='lat' dir='ltr'>mors</span> <span class='ocrx_word' id='word_1_34' title='bbox 906 487 1112 563; x_wconf 73' lang='lat' dir='ltr'>subsequetur.</span> 
     </span>
     <span class='ocr_line' id='line_1_5' title="bbox 34 572 1112 654; baseline 0.003 -22"><span class='ocrx_word' id='word_1_35' title='bbox 34 578 36 589; x_wconf 93' lang='lat'>&#39;</span> <span class='ocrx_word' id='word_1_36' title='bbox 93 572 215 636; x_wconf 88' lang='lat' dir='ltr'>Rubcus</span> <span class='ocrx_word' id='word_1_37' title='bbox 235 577 314 636; x_wconf 93' lang='lat' dir='ltr'>enim</span> <span class='ocrx_word' id='word_1_38' title='bbox 329 577 409 636; x_wconf 88' lang='lat' dir='ltr'>color</span> <span class='ocrx_word' id='word_1_39' title='bbox 424 578 480 636; x_wconf 88' lang='lat' dir='ltr'>iste</span> <span class='ocrx_word' id='word_1_40' title='bbox 495 577 526 635; x_wconf 92' lang='lat' dir='ltr'>in</span> <span class='ocrx_word' id='word_1_41' title='bbox 542 577 625 654; x_wconf 83' lang='lat' dir='ltr'>genis</span> <span class='ocrx_word' id='word_1_42' title='bbox 640 596 729 652; x_wconf 89' lang='lat' dir='ltr'>super</span> <span class='ocrx_word' id='word_1_43' title='bbox 751 580 850 637; x_wconf 90' lang='lat' dir='ltr'>cutem</span> <span class='ocrx_word' id='word_1_44' title='bbox 872 578 968 637; x_wconf 88' lang='lat' dir='ltr'>iacens</span> <span class='ocrx_word' id='word_1_45' title='bbox 991 578 1112 653; x_wconf 80' lang='lat' dir='ltr'>igneum</span> 
     </span>
     <span class='ocr_line' id='line_1_6' title="bbox 93 664 1138 741; baseline -0.001 -20"><span class='ocrx_word' id='word_1_46' title='bbox 93 664 242 738; x_wconf 81' lang='lat' dir='ltr'>spiramen</span> <span class='ocrx_word' id='word_1_47' title='bbox 260 666 339 727; x_wconf 76' lang='lat' dir='ltr'>ritae</span> <span class='ocrx_word' id='word_1_48' title='bbox 362 669 475 726; x_wconf 87' lang='lat' dir='ltr'>animae</span> <span class='ocrx_word' id='word_1_49' title='bbox 498 668 550 740; x_wconf 90' lang='lat' dir='ltr'>est,</span> <span class='ocrx_word' id='word_1_50' title='bbox 574 668 715 741; x_wconf 87' lang='lat' dir='ltr'>quoniam</span> <span class='ocrx_word' id='word_1_51' title='bbox 738 668 835 725; x_wconf 86' lang='lat' dir='ltr'>anima</span> <span class='ocrx_word' id='word_1_52' title='bbox 856 668 888 725; x_wconf 92' lang='lat' dir='ltr'>in</span> <span class='ocrx_word' id='word_1_53' title='bbox 910 666 1029 736; x_wconf 88' lang='lat' dir='ltr'>homine</span> <span class='ocrx_word' id='word_1_54' title='bbox 1054 666 1138 724; x_wconf 72' lang='lat' dir='ltr'>illos</span> 
     </span>
     <span class='ocr_line' id='line_1_7' title="bbox 96 753 1112 830; baseline 0.002 -20"><span class='ocrx_word' id='word_1_55' title='bbox 96 753 156 811; x_wconf 80' lang='lat' dir='ltr'>vim</span> <span class='ocrx_word' id='word_1_56' title='bbox 178 773 263 814; x_wconf 89' lang='lat' dir='ltr'>suam</span> <span class='ocrx_word' id='word_1_57' title='bbox 282 758 366 814; x_wconf 82' lang='lat' dir='ltr'>extra</span> <span class='ocrx_word' id='word_1_58' title='bbox 385 773 491 830; x_wconf 89' lang='lat' dir='ltr'>corpus</span> <span class='ocrx_word' id='word_1_59' title='bbox 514 774 602 814; x_wconf 90' lang='lat' dir='ltr'>suum</span> <span class='ocrx_word' id='word_1_60' title='bbox 624 756 807 816; x_wconf 86' lang='lat' dir='ltr'>demonstrat</span> <span class='ocrx_word' id='word_1_61' title='bbox 830 759 860 815; x_wconf 94' lang='lat' dir='ltr'>et</span> <span class='ocrx_word' id='word_1_62' title='bbox 882 774 912 815; x_wconf 89' lang='lat' dir='ltr'>se</span> <span class='ocrx_word' id='word_1_63' title='bbox 934 756 966 813; x_wconf 92' lang='lat' dir='ltr'>in</span> <span class='ocrx_word' id='word_1_64' title='bbox 990 772 1112 829; x_wconf 87' lang='lat' dir='ltr'>corpore</span> 
     </span>
     <span class='ocr_line' id='line_1_8' title="bbox 96 841 1112 921; baseline -0.001 -20"><span class='ocrx_word' id='word_1_65' title='bbox 96 841 221 902; x_wconf 85' lang='lat' dir='ltr'>debilem</span> <span class='ocrx_word' id='word_1_66' title='bbox 250 848 280 902; x_wconf 93' lang='lat' dir='ltr'>et</span> <span class='ocrx_word' id='word_1_67' title='bbox 306 844 448 904; x_wconf 78' lang='lat' dir='ltr'>incertam</span> <span class='ocrx_word' id='word_1_68' title='bbox 472 845 612 918; x_wconf 89' lang='lat' dir='ltr'>ostendit,</span> <span class='ocrx_word' id='word_1_69' title='bbox 640 847 724 905; x_wconf 82' lang='lat' dir='ltr'>velut</span> <span class='ocrx_word' id='word_1_70' title='bbox 745 845 851 917; x_wconf 90' lang='lat' dir='ltr'>homo,</span> <span class='ocrx_word' id='word_1_71' title='bbox 880 845 932 921; x_wconf 93' lang='lat' dir='ltr'>qui</span> <span class='ocrx_word' id='word_1_72' title='bbox 959 844 1112 902; x_wconf 89' lang='lat' dir='ltr'>interdum</span> 
     </span>
     <span class='ocr_line' id='line_1_9' title="bbox 97 930 1111 1011; baseline 0.002 -21"><span class='ocrx_word' id='word_1_73' title='bbox 97 930 131 989; x_wconf 80' lang='lat' dir='ltr'>od</span> <span class='ocrx_word' id='word_1_74' title='bbox 149 932 270 992; x_wconf 88' lang='lat' dir='ltr'>ianuam</span> <span class='ocrx_word' id='word_1_75' title='bbox 285 932 391 992; x_wconf 90' lang='lat' dir='ltr'>domus</span> <span class='ocrx_word' id='word_1_76' title='bbox 406 953 475 992; x_wconf 87' lang='lat' dir='ltr'>suae</span> <span class='ocrx_word' id='word_1_77' title='bbox 491 933 632 1010; x_wconf 87' lang='lat' dir='ltr'>procedit,</span> <span class='ocrx_word' id='word_1_78' title='bbox 657 954 723 994; x_wconf 89' lang='lat' dir='ltr'>cum</span> <span class='ocrx_word' id='word_1_79' title='bbox 748 934 783 992; x_wconf 93' lang='lat' dir='ltr'>de</span> <span class='ocrx_word' id='word_1_80' title='bbox 807 942 840 993; x_wconf 84' lang='lat' dir='ltr'>ea</span> <span class='ocrx_word' id='word_1_81' title='bbox 863 951 1036 1011; x_wconf 84' lang='lat' dir='ltr'>egressurus</span> <span class='ocrx_word' id='word_1_82' title='bbox 1059 936 1111 992; x_wconf 89' lang='lat' dir='ltr'>est.</span> 
     </span>
     <span class='ocr_line' id='line_1_10' title="bbox 159 1023 1112 1100; baseline -0.002 -20"><span class='ocrx_word' id='word_1_83' title='bbox 159 1023 237 1081; x_wconf 82' lang='lat' dir='ltr'>Item</span> <span class='ocrx_word' id='word_1_84' title='bbox 269 1023 304 1082; x_wconf 78' lang='lat' dir='ltr'>dc</span> <span class='ocrx_word' id='word_1_85' title='bbox 335 1023 421 1097; x_wconf 77' lang='lat' dir='ltr'>cipeto</span> <span class='ocrx_word' id='word_1_86' title='bbox 453 1023 565 1087; x_wconf 81' lang='lat' dir='ltr'>mortis,</span> <span class='ocrx_word' id='word_1_87' title='bbox 615 1023 681 1081; x_wconf 86' lang='lat' dir='ltr'>Vox</span> <span class='ocrx_word' id='word_1_88' title='bbox 714 1042 847 1100; x_wconf 86' lang='lat' dir='ltr'>quoque,</span> <span class='ocrx_word' id='word_1_89' title='bbox 883 1042 958 1099; x_wconf 89' lang='lat' dir='ltr'>quae</span> <span class='ocrx_word' id='word_1_90' title='bbox 996 1039 1112 1096; x_wconf 89' lang='lat' dir='ltr'>semper</span> 
     </span>
     <span class='ocr_line' id='line_1_11' title="bbox 94 1111 1153 1187; baseline -0.003 -20"><span class='ocrx_word' id='word_1_91' title='bbox 94 1125 196 1169; x_wconf 89' lang='lat' dir='ltr'>serena</span> <span class='ocrx_word' id='word_1_92' title='bbox 217 1111 249 1170; x_wconf 93' lang='lat' dir='ltr'>in</span> <span class='ocrx_word' id='word_1_93' title='bbox 263 1111 365 1187; x_wconf 86' lang='lat' dir='ltr'>aliquo</span> <span class='ocrx_word' id='word_1_94' title='bbox 379 1112 497 1171; x_wconf 92' lang='lat' dir='ltr'>homine</span> <span class='ocrx_word' id='word_1_95' title='bbox 512 1111 580 1186; x_wconf 89' lang='lat' dir='ltr'>fuit,</span> <span class='ocrx_word' id='word_1_96' title='bbox 604 1117 634 1172; x_wconf 90' lang='lat' dir='ltr'>et</span> <span class='ocrx_word' id='word_1_97' title='bbox 653 1131 722 1171; x_wconf 89' lang='lat' dir='ltr'>cum</span> <span class='ocrx_word' id='word_1_98' title='bbox 737 1113 788 1171; x_wconf 87' lang='lat' dir='ltr'>ille</span> <span class='ocrx_word' id='word_1_99' title='bbox 804 1113 901 1171; x_wconf 86' lang='lat' dir='ltr'>adhuc</span> <span class='ocrx_word' id='word_1_100' title='bbox 917 1130 1004 1170; x_wconf 85' lang='lat' dir='ltr'>sanus</span> <span class='ocrx_word' id='word_1_101' title='bbox 1020 1113 1111 1186; x_wconf 89' lang='lat' dir='ltr'>atque</span> <span class='ocrx_word' id='word_1_102' title='bbox 1126 1121 1153 1164; x_wconf 87' lang='lat'>10</span> 
     </span>
     <span class='ocr_line' id='line_1_12' title="bbox 94 1195 1113 1277; baseline 0.003 -23"><span class='ocrx_word' id='word_1_103' title='bbox 94 1195 124 1257; x_wconf 93' lang='lat' dir='ltr'>in</span> <span class='ocrx_word' id='word_1_104' title='bbox 146 1199 290 1260; x_wconf 87' lang='lat' dir='ltr'>firmitate</span> <span class='ocrx_word' id='word_1_105' title='bbox 312 1204 364 1277; x_wconf 90' lang='lat' dir='ltr'>est,</span> <span class='ocrx_word' id='word_1_106' title='bbox 387 1201 413 1260; x_wconf 93' lang='lat' dir='ltr'>si</span> <span class='ocrx_word' id='word_1_107' title='bbox 435 1203 509 1260; x_wconf 92' lang='lat' dir='ltr'>tunc</span> <span class='ocrx_word' id='word_1_108' title='bbox 531 1202 633 1260; x_wconf 87' lang='lat' dir='ltr'>eadem</span> <span class='ocrx_word' id='word_1_109' title='bbox 655 1220 714 1261; x_wconf 85' lang='lat' dir='ltr'>vox</span> <span class='ocrx_word' id='word_1_110' title='bbox 734 1203 766 1261; x_wconf 93' lang='lat' dir='ltr'>in</span> <span class='ocrx_word' id='word_1_111' title='bbox 787 1202 919 1277; x_wconf 84' lang='lat' dir='ltr'>aliquam</span> <span class='ocrx_word' id='word_1_112' title='bbox 938 1201 1113 1259; x_wconf 75' lang='lat' dir='ltr'>raucitatem</span> 
     </span>
     <span class='ocr_line' id='line_1_13' title="bbox 90 1289 1111 1367; baseline -0.001 -20"><span class='ocrx_word' id='word_1_113' title='bbox 90 1292 238 1361; x_wconf 86' lang='lat' dir='ltr'>mutatur,</span> <span class='ocrx_word' id='word_1_114' title='bbox 268 1289 312 1349; x_wconf 90' lang='lat' dir='ltr'>ita</span> <span class='ocrx_word' id='word_1_115' title='bbox 343 1289 424 1367; x_wconf 93' lang='lat' dir='ltr'>quod</span> <span class='ocrx_word' id='word_1_116' title='bbox 455 1290 545 1349; x_wconf 92' lang='lat' dir='ltr'>homo</span> <span class='ocrx_word' id='word_1_117' title='bbox 568 1291 619 1350; x_wconf 90' lang='lat' dir='ltr'>ille</span> <span class='ocrx_word' id='word_1_118' title='bbox 641 1295 714 1350; x_wconf 92' lang='lat' dir='ltr'>tunc</span> <span class='ocrx_word' id='word_1_119' title='bbox 736 1310 845 1350; x_wconf 89' lang='lat' dir='ltr'>raucus</span> <span class='ocrx_word' id='word_1_120' title='bbox 868 1296 967 1349; x_wconf 87' lang='lat' dir='ltr'>manet</span> <span class='ocrx_word' id='word_1_121' title='bbox 989 1290 1021 1346; x_wconf 90' lang='lat' dir='ltr'>in</span> <span class='ocrx_word' id='word_1_122' title='bbox 1044 1307 1111 1347; x_wconf 91' lang='lat' dir='ltr'>oon·</span> 
     </span>
     <span class='ocr_line' id='line_1_14' title="bbox 87 1377 1112 1456; baseline -0.001 -20"><span class='ocrx_word' id='word_1_123' title='bbox 87 1377 250 1437; x_wconf 80' lang='lat' dir='ltr'>suetudine</span> <span class='ocrx_word' id='word_1_124' title='bbox 284 1379 396 1456; x_wconf 88' lang='lat' dir='ltr'>absque</span> <span class='ocrx_word' id='word_1_125' title='bbox 430 1379 531 1455; x_wconf 85' lang='lat' dir='ltr'>aliqua</span> <span class='ocrx_word' id='word_1_126' title='bbox 569 1380 755 1439; x_wconf 85' lang='lat' dir='ltr'>infirmitate:</span> <span class='ocrx_word' id='word_1_127' title='bbox 793 1385 921 1438; x_wconf 91' lang='lat' dir='ltr'>mortem</span> <span class='ocrx_word' id='word_1_128' title='bbox 957 1378 1112 1454; x_wconf 83' lang='lat' dir='ltr'>significat,</span> 
     </span>
     <span class='ocr_line' id='line_1_15' title="bbox 87 1466 1112 1544; baseline -0.003 -17"><span class='ocrx_word' id='word_1_129' title='bbox 87 1468 177 1527; x_wconf 80' lang='lat' dir='ltr'>velut</span> <span class='ocrx_word' id='word_1_130' title='bbox 200 1467 225 1526; x_wconf 89' lang='lat' dir='ltr'>si</span> <span class='ocrx_word' id='word_1_131' title='bbox 248 1486 350 1527; x_wconf 90' lang='lat' dir='ltr'>serena</span> <span class='ocrx_word' id='word_1_132' title='bbox 372 1468 487 1538; x_wconf 87' lang='lat' dir='ltr'>bucina,</span> <span class='ocrx_word' id='word_1_133' title='bbox 512 1488 588 1544; x_wconf 88' lang='lat' dir='ltr'>quae</span> <span class='ocrx_word' id='word_1_134' title='bbox 604 1470 713 1529; x_wconf 89' lang='lat' dir='ltr'>claram</span> <span class='ocrx_word' id='word_1_135' title='bbox 728 1488 828 1528; x_wconf 89' lang='lat' dir='ltr'>vocem</span> <span class='ocrx_word' id='word_1_136' title='bbox 845 1487 960 1544; x_wconf 87' lang='lat' dir='ltr'>semper</span> <span class='ocrx_word' id='word_1_137' title='bbox 974 1466 1112 1542; x_wconf 84' lang='lat' dir='ltr'>reddidit,</span> 
     </span>
     <span class='ocr_line' id='line_1_16' title="bbox 84 1553 1154 1633; baseline -0.005 -19"><span class='ocrx_word' id='word_1_138' title='bbox 84 1557 195 1633; x_wconf 74' lang='lat' dir='ltr'>aliquo</span> <span class='ocrx_word' id='word_1_139' title='bbox 217 1557 306 1617; x_wconf 91' lang='lat' dir='ltr'>modo</span> <span class='ocrx_word' id='word_1_140' title='bbox 338 1557 548 1633; x_wconf 81' lang='lat' dir='ltr'>corrumpitur,</span> <span class='ocrx_word' id='word_1_141' title='bbox 580 1558 611 1617; x_wconf 91' lang='lat' dir='ltr'>in</span> <span class='ocrx_word' id='word_1_142' title='bbox 643 1559 819 1618; x_wconf 86' lang='lat' dir='ltr'>raucitatem</span> <span class='ocrx_word' id='word_1_143' title='bbox 853 1558 991 1617; x_wconf 79' lang='lat' dir='ltr'>vertitur.</span> <span class='ocrx_word' id='word_1_144' title='bbox 1037 1553 1113 1613; x_wconf 88' lang='lat' dir='ltr'>Nam</span> <span class='ocrx_word' id='word_1_145' title='bbox 1127 1565 1154 1608; x_wconf 82' lang='lat'>15</span> 
     </span>
     <span class='ocr_line' id='line_1_17' title="bbox 83 1645 1112 1722; baseline -0.002 -18"><span class='ocrx_word' id='word_1_146' title='bbox 83 1645 146 1704; x_wconf 79' lang='lat' dir='ltr'>ubi</span> <span class='ocrx_word' id='word_1_147' title='bbox 167 1664 226 1706; x_wconf 83' lang='lat' dir='ltr'>vox</span> <span class='ocrx_word' id='word_1_148' title='bbox 248 1647 279 1704; x_wconf 90' lang='lat' dir='ltr'>in</span> <span class='ocrx_word' id='word_1_149' title='bbox 301 1646 419 1706; x_wconf 90' lang='lat' dir='ltr'>homine</span> <span class='ocrx_word' id='word_1_150' title='bbox 443 1665 557 1721; x_wconf 88' lang='lat' dir='ltr'>semper</span> <span class='ocrx_word' id='word_1_151' title='bbox 579 1666 680 1706; x_wconf 86' lang='lat' dir='ltr'>serena</span> <span class='ocrx_word' id='word_1_152' title='bbox 702 1648 770 1722; x_wconf 83' lang='lat' dir='ltr'>fuit,</span> <span class='ocrx_word' id='word_1_153' title='bbox 793 1647 849 1706; x_wconf 92' lang='lat' dir='ltr'>hoo</span> <span class='ocrx_word' id='word_1_154' title='bbox 870 1647 1000 1722; x_wconf 89' lang='lat' dir='ltr'>impetus</span> <span class='ocrx_word' id='word_1_155' title='bbox 1022 1645 1112 1703; x_wconf 90' lang='lat' dir='ltr'>scien-</span> 
     </span>
     <span class='ocr_line' id='line_1_18' title="bbox 82 1734 1113 1812; baseline -0.003 -18"><span class='ocrx_word' id='word_1_156' title='bbox 82 1736 154 1794; x_wconf 81' lang='lat' dir='ltr'>tiae</span> <span class='ocrx_word' id='word_1_157' title='bbox 177 1735 258 1811; x_wconf 91' lang='lat' dir='ltr'>fecit,</span> <span class='ocrx_word' id='word_1_158' title='bbox 286 1736 427 1812; x_wconf 88' lang='lat' dir='ltr'>quoniam</span> <span class='ocrx_word' id='word_1_159' title='bbox 450 1736 481 1792; x_wconf 90' lang='lat' dir='ltr'>in</span> <span class='ocrx_word' id='word_1_160' title='bbox 505 1735 571 1794; x_wconf 90' lang='lat' dir='ltr'>sede</span> <span class='ocrx_word' id='word_1_161' title='bbox 595 1755 648 1795; x_wconf 88' lang='lat' dir='ltr'>sua</span> <span class='ocrx_word' id='word_1_162' title='bbox 671 1737 724 1794; x_wconf 90' lang='lat' dir='ltr'>diu</span> <span class='ocrx_word' id='word_1_163' title='bbox 747 1756 864 1794; x_wconf 88' lang='lat' dir='ltr'>manere</span> <span class='ocrx_word' id='word_1_164' title='bbox 888 1736 1001 1810; x_wconf 81' lang='lat' dir='ltr'>debuit,</span> <span class='ocrx_word' id='word_1_165' title='bbox 1033 1734 1113 1792; x_wconf 89' lang='lat' dir='ltr'>unde</span> 
     </span>
     <span class='ocr_line' id='line_1_19' title="bbox 86 1824 1113 1901; baseline -0.002 -19"><span class='ocrx_word' id='word_1_166' title='bbox 86 1827 122 1882; x_wconf 85' lang='lat' dir='ltr'>et</span> <span class='ocrx_word' id='word_1_167' title='bbox 153 1824 233 1883; x_wconf 91' lang='lat' dir='ltr'>idem</span> <span class='ocrx_word' id='word_1_168' title='bbox 264 1824 352 1884; x_wconf 92' lang='lat' dir='ltr'>homo</span> <span class='ocrx_word' id='word_1_169' title='bbox 385 1825 499 1900; x_wconf 89' lang='lat' dir='ltr'>sapiens</span> <span class='ocrx_word' id='word_1_170' title='bbox 522 1827 578 1897; x_wconf 83' lang='lat' dir='ltr'>est3</span> <span class='ocrx_word' id='word_1_171' title='bbox 612 1826 664 1901; x_wconf 91' lang='lat' dir='ltr'>qui</span> <span class='ocrx_word' id='word_1_172' title='bbox 697 1826 722 1885; x_wconf 92' lang='lat' dir='ltr'>si</span> <span class='ocrx_word' id='word_1_173' title='bbox 753 1824 864 1901; x_wconf 87' lang='lat' dir='ltr'>absque</span> <span class='ocrx_word' id='word_1_174' title='bbox 886 1825 1059 1882; x_wconf 89' lang='lat' dir='ltr'>infirmitate</span> <span class='ocrx_word' id='word_1_175' title='bbox 1082 1824 1113 1880; x_wconf 87' lang='lat' dir='ltr'>in</span> 
     </span>
     <span class='ocr_line' id='line_1_20' title="bbox 82 1912 1114 1990; baseline -0.002 -18"><span class='ocrx_word' id='word_1_176' title='bbox 82 1912 273 1973; x_wconf 83' lang='lat' dir='ltr'>immobilem</span> <span class='ocrx_word' id='word_1_177' title='bbox 296 1914 472 1973; x_wconf 85' lang='lat' dir='ltr'>raucitatem</span> <span class='ocrx_word' id='word_1_178' title='bbox 496 1915 634 1985; x_wconf 84' lang='lat' dir='ltr'>vertitur,</span> <span class='ocrx_word' id='word_1_179' title='bbox 659 1915 702 1973; x_wconf 90' lang='lat' dir='ltr'>ibi</span> <span class='ocrx_word' id='word_1_180' title='bbox 725 1916 821 1973; x_wconf 90' lang='lat' dir='ltr'>anima</span> <span class='ocrx_word' id='word_1_181' title='bbox 843 1917 1001 1990; x_wconf 88' lang='lat' dir='ltr'>praeparat</span> <span class='ocrx_word' id='word_1_182' title='bbox 1023 1930 1053 1971; x_wconf 90' lang='lat' dir='ltr'>se</span> <span class='ocrx_word' id='word_1_183' title='bbox 1077 1913 1114 1970; x_wconf 89' lang='lat' dir='ltr'>ad</span> 
     </span>
     <span class='ocr_line' id='line_1_21' title="bbox 85 2002 1156 2080; baseline -0.005 -20"><span class='ocrx_word' id='word_1_184' title='bbox 85 2002 151 2061; x_wconf 83' lang='lat' dir='ltr'>iter</span> <span class='ocrx_word' id='word_1_185' title='bbox 172 2004 239 2074; x_wconf 90' lang='lat' dir='ltr'>hoc,</span> <span class='ocrx_word' id='word_1_186' title='bbox 263 2003 345 2079; x_wconf 91' lang='lat' dir='ltr'>quod</span> <span class='ocrx_word' id='word_1_187' title='bbox 368 2021 475 2079; x_wconf 90' lang='lat' dir='ltr'>corpus</span> <span class='ocrx_word' id='word_1_188' title='bbox 497 2022 585 2062; x_wconf 91' lang='lat' dir='ltr'>suum</span> <span class='ocrx_word' id='word_1_189' title='bbox 609 2004 736 2076; x_wconf 85' lang='lat' dir='ltr'>deserat;</span> <span class='ocrx_word' id='word_1_190' title='bbox 767 2008 797 2063; x_wconf 92' lang='lat' dir='ltr'>et</span> <span class='ocrx_word' id='word_1_191' title='bbox 819 2023 886 2080; x_wconf 86' lang='lat' dir='ltr'>vox,</span> <span class='ocrx_word' id='word_1_192' title='bbox 916 2023 992 2079; x_wconf 86' lang='lat' dir='ltr'>quae</span> <span class='ocrx_word' id='word_1_193' title='bbox 1015 2020 1113 2071; x_wconf 87' lang='lat' dir='ltr'>rauca,</span> <span class='ocrx_word' id='word_1_194' title='bbox 1128 2010 1156 2055; x_wconf 76' lang='lat'>20</span> 
     </span>
     <span class='ocr_line' id='line_1_22' title="bbox 92 2091 1113 2168; baseline -0.001 -19"><span class='ocrx_word' id='word_1_195' title='bbox 92 2091 123 2150; x_wconf 94' lang='lat' dir='ltr'>id</span> <span class='ocrx_word' id='word_1_196' title='bbox 157 2094 202 2151; x_wconf 89' lang='lat' dir='ltr'>est</span> <span class='ocrx_word' id='word_1_197' title='bbox 225 2092 410 2162; x_wconf 89' lang='lat' dir='ltr'>obumbrata,</span> <span class='ocrx_word' id='word_1_198' title='bbox 437 2093 468 2150; x_wconf 90' lang='lat' dir='ltr'>in</span> <span class='ocrx_word' id='word_1_199' title='bbox 491 2092 609 2152; x_wconf 90' lang='lat' dir='ltr'>homine</span> <span class='ocrx_word' id='word_1_200' title='bbox 632 2111 702 2152; x_wconf 89' lang='lat' dir='ltr'>sano</span> <span class='ocrx_word' id='word_1_201' title='bbox 725 2111 841 2168; x_wconf 89' lang='lat' dir='ltr'>semper</span> <span class='ocrx_word' id='word_1_202' title='bbox 860 2093 921 2151; x_wconf 81' lang='lat' dir='ltr'>fuit</span> <span class='ocrx_word' id='word_1_203' title='bbox 942 2093 974 2150; x_wconf 90' lang='lat' dir='ltr'>in</span> <span class='ocrx_word' id='word_1_204' title='bbox 997 2109 1113 2149; x_wconf 92' lang='lat' dir='ltr'>consue-</span> 
     </span>
     <span class='ocr_line' id='line_1_23' title="bbox 90 2180 1115 2258; baseline 0.001 -19"><span class='ocrx_word' id='word_1_205' title='bbox 90 2180 197 2239; x_wconf 86' lang='lat' dir='ltr'>tudine</span> <span class='ocrx_word' id='word_1_206' title='bbox 233 2181 343 2258; x_wconf 91' lang='lat' dir='ltr'>absque</span> <span class='ocrx_word' id='word_1_207' title='bbox 373 2182 547 2240; x_wconf 89' lang='lat' dir='ltr'>infirmitate</span> <span class='ocrx_word' id='word_1_208' title='bbox 578 2182 669 2254; x_wconf 90' lang='lat' dir='ltr'>illius,</span> <span class='ocrx_word' id='word_1_209' title='bbox 702 2183 727 2240; x_wconf 91' lang='lat' dir='ltr'>si</span> <span class='ocrx_word' id='word_1_210' title='bbox 758 2185 831 2240; x_wconf 92' lang='lat' dir='ltr'>tunc</span> <span class='ocrx_word' id='word_1_211' title='bbox 861 2183 892 2240; x_wconf 92' lang='lat' dir='ltr'>in</span> <span class='ocrx_word' id='word_1_212' title='bbox 925 2180 1115 2241; x_wconf 86' lang='lat' dir='ltr'>serenitatem</span> 
     </span>
     <span class='ocr_line' id='line_1_24' title="bbox 91 2270 1114 2347; baseline -0.001 -21"><span class='ocrx_word' id='word_1_213' title='bbox 91 2272 235 2341; x_wconf 87' lang='lat' dir='ltr'>mutatur,</span> <span class='ocrx_word' id='word_1_214' title='bbox 268 2270 313 2329; x_wconf 88' lang='lat' dir='ltr'>ita</span> <span class='ocrx_word' id='word_1_215' title='bbox 343 2272 424 2347; x_wconf 92' lang='lat' dir='ltr'>quod</span> <span class='ocrx_word' id='word_1_216' title='bbox 454 2271 542 2330; x_wconf 90' lang='lat' dir='ltr'>homo</span> <span class='ocrx_word' id='word_1_217' title='bbox 569 2271 621 2330; x_wconf 91' lang='lat' dir='ltr'>ille</span> <span class='ocrx_word' id='word_1_218' title='bbox 643 2270 836 2346; x_wconf 90' lang='lat' dir='ltr'>postmodum</span> <span class='ocrx_word' id='word_1_219' title='bbox 858 2289 990 2329; x_wconf 89' lang='lat' dir='ltr'>serenam</span> <span class='ocrx_word' id='word_1_220' title='bbox 1013 2286 1114 2327; x_wconf 92' lang='lat' dir='ltr'>vocem</span> 
     </span>
     <span class='ocr_line' id='line_1_25' title="bbox 91 2358 1115 2435; baseline -0.004 -18"><span class='ocrx_word' id='word_1_221' title='bbox 91 2358 121 2416; x_wconf 91' lang='lat' dir='ltr'>in</span> <span class='ocrx_word' id='word_1_222' title='bbox 160 2360 373 2419; x_wconf 91' lang='lat' dir='ltr'>consuetudine</span> <span class='ocrx_word' id='word_1_223' title='bbox 412 2359 499 2419; x_wconf 89' lang='lat' dir='ltr'>habet</span> <span class='ocrx_word' id='word_1_224' title='bbox 533 2361 643 2435; x_wconf 90' lang='lat' dir='ltr'>absque</span> <span class='ocrx_word' id='word_1_225' title='bbox 676 2361 735 2418; x_wconf 89' lang='lat' dir='ltr'>alia</span> <span class='ocrx_word' id='word_1_226' title='bbox 768 2359 952 2418; x_wconf 89' lang='lat' dir='ltr'>infirmitate:</span> <span class='ocrx_word' id='word_1_227' title='bbox 987 2359 1115 2415; x_wconf 87' lang='lat' dir='ltr'>mortem</span> 
     </span>
     <span class='ocr_line' id='line_1_26' title="bbox 92 2445 1155 2524; baseline -0.004 -19"><span class='ocrx_word' id='word_1_228' title='bbox 92 2447 234 2524; x_wconf 83' lang='lat' dir='ltr'>designat,</span> <span class='ocrx_word' id='word_1_229' title='bbox 263 2450 347 2507; x_wconf 87' lang='lat' dir='ltr'>velut</span> <span class='ocrx_word' id='word_1_230' title='bbox 368 2449 394 2508; x_wconf 93' lang='lat' dir='ltr'>si</span> <span class='ocrx_word' id='word_1_231' title='bbox 416 2449 532 2507; x_wconf 91' lang='lat' dir='ltr'>inutilis</span> <span class='ocrx_word' id='word_1_232' title='bbox 554 2448 670 2522; x_wconf 87' lang='lat' dir='ltr'>bucina,</span> <span class='ocrx_word' id='word_1_233' title='bbox 695 2468 771 2524; x_wconf 89' lang='lat' dir='ltr'>quae</span> <span class='ocrx_word' id='word_1_234' title='bbox 794 2467 911 2524; x_wconf 90' lang='lat' dir='ltr'>semper</span> <span class='ocrx_word' id='word_1_235' title='bbox 933 2465 1023 2505; x_wconf 89' lang='lat' dir='ltr'>rauca</span> <span class='ocrx_word' id='word_1_236' title='bbox 1045 2445 1114 2519; x_wconf 90' lang='lat' dir='ltr'>fuit,</span> <span class='ocrx_word' id='word_1_237' title='bbox 1128 2456 1155 2500; x_wconf 74' lang='lat'>25</span> 
     </span>
     <span class='ocr_line' id='line_1_27' title="bbox 92 2537 1111 2612; baseline -0.002 -18"><span class='ocrx_word' id='word_1_238' title='bbox 92 2537 192 2612; x_wconf 87' lang='lat' dir='ltr'>aliquo</span> <span class='ocrx_word' id='word_1_239' title='bbox 215 2537 305 2596; x_wconf 91' lang='lat' dir='ltr'>modo</span> <span class='ocrx_word' id='word_1_240' title='bbox 327 2539 359 2596; x_wconf 92' lang='lat' dir='ltr'>in</span> <span class='ocrx_word' id='word_1_241' title='bbox 381 2539 567 2597; x_wconf 88' lang='lat' dir='ltr'>serenitatem</span> <span class='ocrx_word' id='word_1_242' title='bbox 588 2542 748 2612; x_wconf 86' lang='lat' dir='ltr'>coercetur,</span> <span class='ocrx_word' id='word_1_243' title='bbox 771 2555 902 2596; x_wconf 88' lang='lat' dir='ltr'>serenam</span> <span class='ocrx_word' id='word_1_244' title='bbox 916 2554 1019 2595; x_wconf 85' lang='lat' dir='ltr'>vocem</span> <span class='ocrx_word' id='word_1_245' title='bbox 1034 2553 1111 2593; x_wconf 90' lang='lat' dir='ltr'>com·</span> 
     </span>
     <span class='ocr_line' id='line_1_28' title="bbox 92 2623 1113 2702; baseline -0.003 -18"><span class='ocrx_word' id='word_1_246' title='bbox 92 2625 181 2700; x_wconf 87' lang='lat' dir='ltr'>pulsa</span> <span class='ocrx_word' id='word_1_247' title='bbox 204 2626 241 2685; x_wconf 81' lang='lat' dir='ltr'>ad</span> <span class='ocrx_word' id='word_1_248' title='bbox 264 2626 368 2686; x_wconf 89' lang='lat' dir='ltr'>horam</span> <span class='ocrx_word' id='word_1_249' title='bbox 393 2626 498 2701; x_wconf 87' lang='lat' dir='ltr'>reddit,</span> <span class='ocrx_word' id='word_1_250' title='bbox 533 2646 609 2702; x_wconf 87' lang='lat' dir='ltr'>quae</span> <span class='ocrx_word' id='word_1_251' title='bbox 642 2630 742 2685; x_wconf 90' lang='lat' dir='ltr'>tamen</span> <span class='ocrx_word' id='word_1_252' title='bbox 776 2627 835 2686; x_wconf 92' lang='lat' dir='ltr'>cito</span> <span class='ocrx_word' id='word_1_253' title='bbox 863 2625 943 2685; x_wconf 90' lang='lat' dir='ltr'>cadit</span> <span class='ocrx_word' id='word_1_254' title='bbox 976 2628 1006 2683; x_wconf 92' lang='lat' dir='ltr'>et</span> <span class='ocrx_word' id='word_1_255' title='bbox 1038 2623 1113 2682; x_wconf 88' lang='lat' dir='ltr'>silet.</span> 
     </span>
     <span class='ocr_line' id='line_1_29' title="bbox 92 2712 1113 2792; baseline -0.001 -20"><span class='ocrx_word' id='word_1_256' title='bbox 92 2713 152 2774; x_wconf 87' lang='lat' dir='ltr'>Ubi</span> <span class='ocrx_word' id='word_1_257' title='bbox 179 2715 258 2773; x_wconf 92' lang='lat' dir='ltr'>enim</span> <span class='ocrx_word' id='word_1_258' title='bbox 280 2734 337 2775; x_wconf 84' lang='lat' dir='ltr'>vox</span> <span class='ocrx_word' id='word_1_259' title='bbox 362 2735 452 2774; x_wconf 87' lang='lat' dir='ltr'>rauca</span> <span class='ocrx_word' id='word_1_260' title='bbox 474 2716 506 2773; x_wconf 91' lang='lat' dir='ltr'>in</span> <span class='ocrx_word' id='word_1_261' title='bbox 521 2715 638 2774; x_wconf 92' lang='lat' dir='ltr'>homine</span> <span class='ocrx_word' id='word_1_262' title='bbox 654 2720 698 2774; x_wconf 91' lang='lat' dir='ltr'>est</span> <span class='ocrx_word' id='word_1_263' title='bbox 713 2715 822 2792; x_wconf 91' lang='lat' dir='ltr'>absque</span> <span class='ocrx_word' id='word_1_264' title='bbox 837 2715 1010 2773; x_wconf 88' lang='lat' dir='ltr'>infirmitate</span> <span class='ocrx_word' id='word_1_265' title='bbox 1024 2712 1113 2782; x_wconf 84' lang='lat' dir='ltr'>illius,</span> 
     </span>
     <span class='ocr_line' id='line_1_30' title="bbox 90 2803 1113 2880; baseline -0.001 -19"><span class='ocrx_word' id='word_1_266' title='bbox 90 2803 133 2862; x_wconf 90' lang='lat' dir='ltr'>ibi</span> <span class='ocrx_word' id='word_1_267' title='bbox 155 2805 253 2862; x_wconf 88' lang='lat' dir='ltr'>anima</span> <span class='ocrx_word' id='word_1_268' title='bbox 275 2805 355 2863; x_wconf 89' lang='lat' dir='ltr'>intra</span> <span class='ocrx_word' id='word_1_269' title='bbox 379 2823 487 2880; x_wconf 88' lang='lat' dir='ltr'>corpus</span> <span class='ocrx_word' id='word_1_270' title='bbox 510 2804 587 2863; x_wconf 89' lang='lat' dir='ltr'>illud</span> <span class='ocrx_word' id='word_1_271' title='bbox 603 2805 671 2879; x_wconf 91' lang='lat' dir='ltr'>plus</span> <span class='ocrx_word' id='word_1_272' title='bbox 685 2805 716 2863; x_wconf 90' lang='lat' dir='ltr'>in</span> <span class='ocrx_word' id='word_1_273' title='bbox 732 2808 842 2865; x_wconf 91' lang='lat' dir='ltr'>secreto</span> <span class='ocrx_word' id='word_1_274' title='bbox 858 2824 949 2880; x_wconf 88' lang='lat' dir='ltr'>quarn</span> <span class='ocrx_word' id='word_1_275' title='bbox 964 2803 994 2861; x_wconf 91' lang='lat' dir='ltr'>in</span> <span class='ocrx_word' id='word_1_276' title='bbox 1010 2805 1113 2878; x_wconf 88' lang='lat' dir='ltr'>aperto</span> 
     </span>
     <span class='ocr_line' id='line_1_31' title="bbox 90 2893 1154 2969; baseline -0.006 -18"><span class='ocrx_word' id='word_1_277' title='bbox 90 2896 173 2953; x_wconf 85' lang='lat' dir='ltr'>extra</span> <span class='ocrx_word' id='word_1_278' title='bbox 194 2893 274 2952; x_wconf 92' lang='lat' dir='ltr'>idem</span> <span class='ocrx_word' id='word_1_279' title='bbox 298 2912 407 2969; x_wconf 90' lang='lat' dir='ltr'>corpus</span> <span class='ocrx_word' id='word_1_280' title='bbox 430 2896 584 2969; x_wconf 83' lang='lat' dir='ltr'>operatur3</span> <span class='ocrx_word' id='word_1_281' title='bbox 617 2894 696 2952; x_wconf 92' lang='lat' dir='ltr'>unde</span> <span class='ocrx_word' id='word_1_282' title='bbox 727 2899 758 2953; x_wconf 91' lang='lat' dir='ltr'>et</span> <span class='ocrx_word' id='word_1_283' title='bbox 779 2894 858 2953; x_wconf 88' lang='lat' dir='ltr'>idem</span> <span class='ocrx_word' id='word_1_284' title='bbox 880 2894 969 2952; x_wconf 88' lang='lat' dir='ltr'>horno</span> <span class='ocrx_word' id='word_1_285' title='bbox 995 2895 1112 2952; x_wconf 86' lang='lat' dir='ltr'>astutus</span> <span class='ocrx_word' id='word_1_286' title='bbox 1126 2901 1154 2946; x_wconf 82' lang='lat' dir='ltr'>ao</span> 
     </span>
     <span class='ocr_line' id='line_1_32' title="bbox 91 2981 1113 3059; baseline -0.002 -19"><span class='ocrx_word' id='word_1_287' title='bbox 91 2984 143 3042; x_wconf 89' lang='lat' dir='ltr'>est.</span> <span class='ocrx_word' id='word_1_288' title='bbox 189 2981 246 3041; x_wconf 82' lang='lat' dir='ltr'>Sed</span> <span class='ocrx_word' id='word_1_289' title='bbox 262 2983 287 3042; x_wconf 85' lang='lat' dir='ltr'>ai</span> <span class='ocrx_word' id='word_1_290' title='bbox 302 2983 404 3042; x_wconf 84' lang='lat' dir='ltr'>eadem</span> <span class='ocrx_word' id='word_1_291' title='bbox 420 3002 478 3043; x_wconf 87' lang='lat' dir='ltr'>vox</span> <span class='ocrx_word' id='word_1_292' title='bbox 494 2983 604 3059; x_wconf 87' lang='lat' dir='ltr'>absque</span> <span class='ocrx_word' id='word_1_293' title='bbox 619 2983 792 3042; x_wconf 86' lang='lat' dir='ltr'>infirmitate</span> <span class='ocrx_word' id='word_1_294' title='bbox 807 2983 838 3041; x_wconf 92' lang='lat' dir='ltr'>in</span> <span class='ocrx_word' id='word_1_295' title='bbox 854 2983 990 3042; x_wconf 85' lang='lat' dir='ltr'>stabilem</span> <span class='ocrx_word' id='word_1_296' title='bbox 1005 2981 1113 3042; x_wconf 89' lang='lat' dir='ltr'>sereni-</span> 
     </span>
     <span class='ocr_line' id='line_1_33' title="bbox 90 3072 1114 3144; baseline -0.002 -14"><span class='ocrx_word' id='word_1_297' title='bbox 90 3073 183 3130; x_wconf 84' lang='lat' dir='ltr'>tatem</span> <span class='ocrx_word' id='word_1_298' title='bbox 208 3074 352 3144; x_wconf 88' lang='lat' dir='ltr'>mutatur,</span> <span class='ocrx_word' id='word_1_299' title='bbox 383 3072 427 3131; x_wconf 92' lang='lat' dir='ltr'>ibi</span> <span class='ocrx_word' id='word_1_300' title='bbox 455 3091 485 3131; x_wconf 94' lang='lat' dir='ltr'>se</span> <span class='ocrx_word' id='word_1_301' title='bbox 508 3072 605 3131; x_wconf 89' lang='lat' dir='ltr'>anima</span> <span class='ocrx_word' id='word_1_302' title='bbox 629 3073 687 3131; x_wconf 91' lang='lat' dir='ltr'>cito</span> <span class='ocrx_word' id='word_1_303' title='bbox 710 3073 856 3130; x_wconf 84' lang='lat' dir='ltr'>exituram</span> <span class='ocrx_word' id='word_1_304' title='bbox 880 3072 1018 3139; x_wconf 79' lang='lat' dir='ltr'>ostendit,</span> <span class='ocrx_word' id='word_1_305' title='bbox 1047 3090 1114 3129; x_wconf 90' lang='lat' dir='ltr'>cum</span> 
     </span>
     <span class='ocr_line' id='line_1_34' title="bbox 91 3160 1113 3237; baseline -0.003 -18"><span class='ocrx_word' id='word_1_306' title='bbox 91 3177 120 3219; x_wconf 91' lang='lat' dir='ltr'>se</span> <span class='ocrx_word' id='word_1_307' title='bbox 143 3163 227 3233; x_wconf 85' lang='lat' dir='ltr'>extra</span> <span class='ocrx_word' id='word_1_308' title='bbox 250 3161 330 3220; x_wconf 89' lang='lat' dir='ltr'>idem</span> <span class='ocrx_word' id='word_1_309' title='bbox 354 3179 462 3236; x_wconf 83' lang='lat' dir='ltr'>corpus</span> <span class='ocrx_word' id='word_1_310' title='bbox 486 3165 587 3236; x_wconf 88' lang='lat' dir='ltr'>aperte</span> <span class='ocrx_word' id='word_1_311' title='bbox 611 3161 803 3233; x_wconf 87' lang='lat' dir='ltr'>demonstrat,</span> <span class='ocrx_word' id='word_1_312' title='bbox 826 3180 895 3220; x_wconf 91' lang='lat' dir='ltr'>cum</span> <span class='ocrx_word' id='word_1_313' title='bbox 916 3162 1002 3237; x_wconf 90' lang='lat' dir='ltr'>prius</span> <span class='ocrx_word' id='word_1_314' title='bbox 1024 3160 1056 3217; x_wconf 91' lang='lat' dir='ltr'>in</span> <span class='ocrx_word' id='word_1_315' title='bbox 1079 3177 1113 3216; x_wconf 90' lang='lat' dir='ltr'>eo</span> 
     </span>
     <span class='ocr_line' id='line_1_35' title="bbox 91 3249 1113 3326; baseline -0.003 -18"><span class='ocrx_word' id='word_1_316' title='bbox 91 3250 210 3309; x_wconf 89' lang='lat' dir='ltr'>silenter</span> <span class='ocrx_word' id='word_1_317' title='bbox 235 3249 423 3326; x_wconf 88' lang='lat' dir='ltr'>operabatur.</span> <span class='ocrx_word' id='word_1_318' title='bbox 461 3250 518 3308; x_wconf 89' lang='lat' dir='ltr'>Sed</span> <span class='ocrx_word' id='word_1_319' title='bbox 541 3253 571 3308; x_wconf 91' lang='lat' dir='ltr'>et</span> <span class='ocrx_word' id='word_1_320' title='bbox 593 3268 661 3308; x_wconf 89' lang='lat' dir='ltr'>curn</span> <span class='ocrx_word' id='word_1_321' title='bbox 683 3250 773 3309; x_wconf 91' lang='lat' dir='ltr'>homo</span> <span class='ocrx_word' id='word_1_322' title='bbox 796 3251 827 3308; x_wconf 93' lang='lat' dir='ltr'>in</span> <span class='ocrx_word' id='word_1_323' title='bbox 850 3251 960 3310; x_wconf 89' lang='lat' dir='ltr'>lectum</span> <span class='ocrx_word' id='word_1_324' title='bbox 984 3249 1113 3307; x_wconf 91' lang='lat' dir='ltr'>deiectus</span> 
     </span>
     <span class='ocr_line' id='line_1_36' title="bbox 89 3337 1154 3416; baseline -0.005 -19"><span class='ocrx_word' id='word_1_325' title='bbox 89 3337 266 3414; x_wconf 87' lang='lat' dir='ltr'>infirmatur,</span> <span class='ocrx_word' id='word_1_326' title='bbox 307 3339 509 3416; x_wconf 85' lang='lat' dir='ltr'>qualicunque</span> <span class='ocrx_word' id='word_1_327' title='bbox 532 3339 704 3398; x_wconf 86' lang='lat' dir='ltr'>infirmitate</span> <span class='ocrx_word' id='word_1_328' title='bbox 731 3340 908 3414; x_wconf 90' lang='lat' dir='ltr'>detineatur,</span> <span class='ocrx_word' id='word_1_329' title='bbox 937 3340 962 3397; x_wconf 87' lang='lat' dir='ltr'>si</span> <span class='ocrx_word' id='word_1_330' title='bbox 991 3356 1058 3396; x_wconf 86' lang='lat' dir='ltr'>caro</span> <span class='ocrx_word' id='word_1_331' title='bbox 1082 3337 1113 3393; x_wconf 92' lang='lat' dir='ltr'>in</span> <span class='ocrx_word' id='word_1_332' title='bbox 1127 3348 1154 3392; x_wconf 85' lang='lat'>35</span> 
     </span>
     <span class='ocr_line' id='line_1_37' title="bbox 90 3427 1113 3504; baseline 0 -20"><span class='ocrx_word' id='word_1_333' title='bbox 90 3427 163 3488; x_wconf 85' lang='lat' dir='ltr'>facie</span> <span class='ocrx_word' id='word_1_334' title='bbox 185 3427 305 3488; x_wconf 83' lang='lat' dir='ltr'>sufflata</span> <span class='ocrx_word' id='word_1_335' title='bbox 338 3431 390 3504; x_wconf 87' lang='lat' dir='ltr'>est,</span> <span class='ocrx_word' id='word_1_336' title='bbox 421 3432 458 3487; x_wconf 88' lang='lat' dir='ltr'>ut</span> <span class='ocrx_word' id='word_1_337' title='bbox 480 3448 548 3488; x_wconf 89' lang='lat' dir='ltr'>caro</span> <span class='ocrx_word' id='word_1_338' title='bbox 571 3429 657 3487; x_wconf 89' lang='lat' dir='ltr'>faciei</span> <span class='ocrx_word' id='word_1_339' title='bbox 681 3428 852 3488; x_wconf 90' lang='lat' dir='ltr'>dormientis</span> <span class='ocrx_word' id='word_1_340' title='bbox 875 3427 1012 3502; x_wconf 90' lang='lat' dir='ltr'>hominis,</span> <span class='ocrx_word' id='word_1_341' title='bbox 1045 3445 1113 3485; x_wconf 83' lang='lat' dir='ltr'>cunr</span> 
     </span>
     <span class='ocr_line' id='line_1_38' title="bbox 89 3515 1119 3594; baseline -0.002 -19"><span class='ocrx_word' id='word_1_342' title='bbox 89 3515 124 3576; x_wconf 91' lang='lat' dir='ltr'>de</span> <span class='ocrx_word' id='word_1_343' title='bbox 145 3535 248 3576; x_wconf 89' lang='lat' dir='ltr'>somno</span> <span class='ocrx_word' id='word_1_344' title='bbox 280 3518 387 3594; x_wconf 81' lang='lat' dir='ltr'>surgit,</span> <span class='ocrx_word' id='word_1_345' title='bbox 410 3518 480 3577; x_wconf 92' lang='lat' dir='ltr'>etsi</span> <span class='ocrx_word' id='word_1_346' title='bbox 496 3518 575 3577; x_wconf 90' lang='lat' dir='ltr'>oculi</span> <span class='ocrx_word' id='word_1_347' title='bbox 590 3518 653 3576; x_wconf 88' lang='lat' dir='ltr'>eius</span> <span class='ocrx_word' id='word_1_348' title='bbox 667 3517 814 3593; x_wconf 89' lang='lat' dir='ltr'>perlucidi</span> <span class='ocrx_word' id='word_1_349' title='bbox 828 3519 906 3592; x_wconf 87' lang='lat' dir='ltr'>sunt,</span> <span class='ocrx_word' id='word_1_350' title='bbox 928 3520 964 3576; x_wconf 91' lang='lat' dir='ltr'>ut</span> <span class='ocrx_word' id='word_1_351' title='bbox 979 3517 1119 3587; x_wconf 69' lang='lat' dir='ltr'>cisterna,</span> 
     </span>
    </p>
   </div>
   <div class='ocr_carea' id='block_1_3' title="bbox 0 0 1234 3862">
    <p class='ocr_par' dir='ltr' id='par_1_3' title="bbox 0 0 1234 3862">
     <span class='ocr_line' id='line_1_39' title="bbox 0 0 1234 3862; baseline 0 0"><span class='ocrx_word' id='word_1_352' title='bbox 0 0 1234 3862; x_wconf 95' lang='lat' dir='ltr'> </span> 
     </span>
    </p>
   </div>
  </div>
 </body>
</html>
