2460 3862
126 117 189 177 216
510 113 758 170 HlLDEGARDIS

124 299 156 356 in
178 299 261 356 suavi
284 302 314 357 et
336 297 412 357 bono
436 298 504 357 vino
528 317 576 356 eas
599 301 709 374 coquat
731 317 765 357 ac
784 299 826 358 sic
840 318 895 374 per
909 317 1044 374 pannum
1059 298 1136 358 colat

125 390 215 462 atque
237 388 268 444 in
291 388 355 463 ipsa
378 388 539 446 accessione
561 388 692 446 eiusdem
714 387 804 447 febris
832 389 935 446 vinum
963 387 1021 446 hoc
1047 386 1137 459 bibat,

125 475 228 535 herbas
251 481 351 535 autem
372 477 445 535 istas
467 477 510 534 ita
532 477 563 534 in
586 477 654 536 vino
677 496 731 552 per
753 477 886 536 triduum
904 477 1047 552 dimittat,
1070 496 1139 553 qua·

124 565 206 624 tinus
228 566 306 624 idem
327 566 431 624 vinum
454 567 490 624 ab
514 566 555 624 eis
577 568 662 625 tanto
685 567 792 626 melius
813 568 1005 642 temperetur,
1038 570 1069 625 et
1101 566 1141 624 sic

98 669 178 730 5per
199 655 335 713 triduum
357 656 448 730 bibat,
472 658 502 713 et
525 655 550 714 si
572 673 685 715 necessa
705 655 809 731 fuerit,
834 674 882 714 eas
904 655 1017 714 iterum
1041 655 1142 714 simili-

125 743 180 802 bus
202 745 286 802 novis
308 744 408 803 herbis
431 747 560 805 renovet.
604 743 682 805 Nam
710 746 792 804 calor
818 745 966 803 millefolii
1002 747 1033 803 et
1064 744 1143 804 calor

125 833 270 909 polipodii
294 852 362 892 eum
385 834 510 892 alterato
527 834 623 892 calore
643 834 705 893 vini
720 833 879 909 temperati
895 837 933 908 et,
957 837 1036 907 <ut>
1060 853 1141 910 prae

125 923 221 980 fatum
245 925 296 998 est,
319 923 351 980 in
373 927 446 998 potu
469 923 581 997 sumpti
604 923 715 982 febrem
737 924 827 982 istam
848 923 998 999 mitigant.

191 1012 268 1072 Item
300 1012 341 1069 ad
370 1014 539 1074 tertianam.
587 1005 611 1092 1)
623 1011 680 1081 Qui
708 1013 864 1071 tertianam
887 1010 1001 1070 febrem
1016 1010 1139 1088 patitur,

85 1113 112 1158 10
124 1093 188 1160 bria
218 1101 343 1176 accipiat
374 1104 405 1159 et
438 1101 583 1160 minorem
616 1101 828 1173 daflatlrdecba
862 1101 980 1177 aequali
1015 1100 1143 1176 pondere
1179 1126 1218 1152 ε

124 1186 218 1251 ledaco
241 1194 270 1248 et
285 1194 331 1248 ter
345 1194 463 1249 tantum
480 1191 515 1249 de
530 1191 633 1249 refano
657 1192 693 1248 ut
708 1191 835 1250 istorum
849 1189 978 1248 duorum
995 1192 1048 1263 est,
1065 1192 1096 1249 εὴ
1112 1190 1142 1247 in
1202 1216 1230 1240 -

125 1282 194 1340 vino
217 1283 325 1355 coquat
347 1297 380 1337 ac
402 1299 456 1353 per
478 1299 611 1354 pannum
634 1281 721 1351 colet3
745 1283 835 1356 atqua
855 1279 982 1355 garlofel
999 1280 1129 1338 sumata

124 1368 170 1429 bis
192 1372 309 1426 tantum
332 1369 474 1445 galangae
494 1373 524 1426 et
539 1369 675 1427 zinziberi
689 1370 809 1428 tertiam
825 1371 948 1445 partem,
964 1371 1003 1427 ut
1016 1369 1135 1427 isarna
1178 1393 1230 1417 ο

125 1459 252 1518 duorum
277 1461 328 1531 ast,
352 1462 382 1516 et
404 1458 475 1516 haec
497 1458 528 1515 in
543 1459 697 1534 pulverem
712 1458 830 1534 redigat
852 1461 942 1533 atque
962 1476 1000 1516 ex
1014 1456 1061 1517 his
1076 1476 1134 1517 cuo·
1173 1482 1230 1505 α

85 1559 111 1603 15
125 1548 273 1623 praedicto
297 1547 373 1618 vino,
403 1548 484 1622 quod
506 1566 559 1622 per
581 1567 713 1622 pannum
744 1547 859 1615 colavit,
890 1565 1007 1622 purum
1037 1565 1106 1622 pro·
1121 1571 1227 1598 c—

125 1639 214 1697 faciat
236 1637 339 1695 atillo
363 1637 394 1694 in
416 1637 480 1710 ipsa
502 1638 663 1695 accessione
690 1640 780 1712 atque
810 1635 1004 1712 aequantibus
1035 1652 1228 1696 novem-:2

126 1727 228 1785 diebus
257 1728 376 1796 utatur,
411 1729 447 1783 ut
483 1727 600 1801 plenius
641 1726 809 1786 adiuvetur.
863 1724 939 1783 Nam
970 1725 1052 1783 calor
1081 1718 1225 1784 adr—r

126 1819 155 1874 et
186 1815 283 1890 frigus
314 1815 435 1873 minoris
469 1815 708 1886 baflatbedecbac
743 1834 812 1874 cum
851 1814 949 1873 calore
987 1814 1085 1872 rafani
1114 1813 1221 1872 a-t

126 1904 221 1963 calore
254 1903 378 1980 garlofel
410 1908 440 1962 et
472 1905 569 1963 calore
599 1905 741 1981 galangae
774 1906 804 1962 et
836 1922 905 1961 cum
936 1904 1016 1962 bono
1048 1903 1175 1962 calor-
1192 1918 1218 1957 -e

84 2003 112 2048 ao
127 1991 264 2051 zinziberi
294 1995 457 2067 temperata
489 1997 520 2051 et
546 1993 577 2051 in
600 1997 675 2069 potu
698 1996 818 2068 sumpta
840 1991 1009 2067 praefatam
1031 1993 1215 2051 febrem

126 2083 241 2158 fugant.

192 2170 244 2230 Ad
277 2174 452 2249 quartanae.
499 2164 525 2249 2)
535 2170 566 2228 Si
594 2171 662 2246 quis
695 2171 791 2230 febres
827 2172 989 2246 quartanas
1020 2170 1209 2246 pariana,

125 2262 243 2320 rubiam
274 2263 304 2318 et
326 2259 446 2318 herbam
480 2261 618 2336 veprium
649 2260 765 2335 aequali
796 2259 926 2335 pondere
958 2259 1088 2335 accipiat
1115 2254 1206 2316 Ξῒ

127 2351 336 2422 (brachwurz)
361 2351 409 2406 ter
427 2352 554 2424 tantum,
575 2351 611 2407 ut
630 2350 755 2408 istorum
778 2351 906 2408 duorum
922 2352 976 2420 ost,
1001 2353 1093 2426 atque
1114 2346 1202 2406 in

85 2440 193 2498 rovino
217 2442 334 2515 coquat.
379 2438 491 2497 Deinde
515 2439 628 2498 clarum
651 2442 681 2496 et
712 2439 861 2515 optimum
892 2438 998 2497 vinum
1029 2439 1063 2497 iu
1092 2448 1197 2513 pa·

126 2530 229 2587 tellam
252 2527 358 2584 fundat
381 2531 411 2585 et
433 2527 503 2586 huic
525 2528 655 2604 ignitum
678 2527 802 2586 calibem
830 2527 874 2586 ita
901 2527 1067 2587 ferventem
1089 2527 1193 2585 iun·

126 2619 235 2688 mittat,
258 2635 291 2674 ac
314 2617 442 2675 secunda
464 2617 527 2674 vice
551 2617 645 2675 eidam
660 2618 729 2677 vino
745 2618 776 2676 in
792 2616 894 2677 eadem
908 2617 1022 2693 patella
1036 2616 1189 2676 iarun

126 2706 250 2764 eundem
273 2700 403 2782 ignitum
418 2706 541 2764 calibem
556 2707 707 2782 immittat,
731 2710 761 2765 et
775 2707 831 2766 hoc
847 2706 941 2765 decies
956 2724 1026 2766 cum
1042 2704 1184 2765 aaran

126 2796 194 2853 vino
227 2798 257 2852 et
289 2795 390 2853 eodem
422 2796 515 2853 calibe
538 2797 633 2855 faciat.
680 2796 786 2855 Postea
810 2799 910 2855 sumat
931 2795 1037 2854 vinum
1059 2781 1177 2855 illud.

87 2894 113 2939 ³0
128 2884 209 2960 quod
233 2903 300 2942 oum
321 2884 479 2959 praedictis
501 2884 600 2943 herbis
623 2886 715 2960 coxit,
744 2887 774 2944 et
795 2885 864 2944 vino
886 2885 958 2944 huic
981 2888 1075 2959 cocto,
1096 2871 1173 2943 0¹15

127 2973 251 3032 calibem
273 2973 404 3048 immisit,
427 2974 565 3032 infundat
589 2977 679 3050 atque
701 2975 745 3033 ita
767 2975 856 3033 simul
871 2994 932 3034 una
946 2977 1068 3034 tantum
1082 2972 1165 3032 vioe

127 3063 239 3121 fervere
258 3061 355 3136 faciat,
373 3067 403 3120 et
418 3063 460 3121 sic
475 3063 506 3120 in
523 3064 587 3138 ipsa
601 3064 763 3123 accessione
779 3064 946 3140 praedictae
963 3064 1055 3123 lebria
1069 3050 1158 3121 illud

129 3152 213 3210 bibat
237 3154 267 3209 at
281 3152 331 3225 ita,
353 3152 424 3209 dam
441 3155 568 3212 sanetur.
615 3151 690 3212 Cum
713 3154 789 3211 enim
813 3153 964 3231 frigiditas
986 3153 1091 3213 rubiae
1119 3144 1150 3201 Ol

127 3242 206 3300 calor
222 3240 327 3299 herbae
343 3241 480 3315 veprium
495 3247 526 3301 et
541 3244 621 3300 calor
637 3243 809 3302 brachwurz
824 3261 892 3301 cum
907 3242 1034 3303 alterato
1047 3241 1142 3302 calore

117 3448 236 3575 nali
238 3469 269 3562 a
274 3451 371 3577 C9-17
391 3471 424 3498 =
442 3451 538 3521 naga
563 3452 631 3506 1203
650 3452 679 3506 o.
708 3483 742 3492 -
773 3451 795 3522 2)
821 3471 847 3506 v.
867 3452 975 3508 aa-aa
993 3474 1027 3501 =
1044 3452 1126 3522 uun
