2460 3862
143 144 207 203 238
530 139 779 196 nummisma

141 324 316 399 coneipitur,
340 325 366 382 si
385 325 535 384 masculus
557 328 610 396 est,
632 327 714 400 prim
729 326 788 385 erit
802 329 834 385 et
847 326 972 385 timidus
988 330 1019 386 et
1033 324 1143 385 infidelis

141 418 172 470 et
193 411 327 473 homines
348 413 476 474 libenter
497 415 644 474 masat
671 418 702 474 et
729 414 817 474 faeile
848 415 1010 474 freneticus
1040 416 1095 475 erit
1120 416 1142 471 et

141 501 194 559 din
216 502 306 565 vivet
352 502 384 561 Si
407 507 507 563 autem
529 503 640 562 femina
661 507 720 578 ast,
742 506 914 564 manaan
939 523 1000 564 non
1027 506 1083 564 erit
1105 502 1144 563 sed

140 594 241 649 astuta
263 593 293 650 et
315 590 428 650 bonum
451 593 608 652 eonsilium
622 612 677 668 per
692 593 896 669 deceptionem
910 594 964 652 dat
986 596 1018 653 et
1031 591 1144 670 paralysi

113 679 228 738 esaeile
250 680 428 757 fatigabitur
450 685 481 741 et
503 682 556 741 diu
578 682 670 743 vivet.

230 769 326 828 Mosa
348 775 457 843 quartu
479 771 603 830 decima.
658 771 717 841 Qui
746 771 779 828 in
810 774 917 846 quarta
948 772 1063 831 decima
1087 773 1143 830 luna
1182 812 1184 855 ;

139 858 319 933 coneipitur,
351 859 377 917 si
409 861 558 919 masculus
585 864 644 931 est,
675 860 845 920 aenaeam
872 862 903 919 et
929 860 1076 936 superbus
1102 859 1144 919 erit

138 950 169 1005 et
191 946 370 1007 laboriosam
392 950 486 1007 vitam
501 949 624 1008 hebebit
645 954 677 1007 et
697 949 840 1008 honorem
859 967 949 1007 snum
970 968 1041 1009 eum
1060 949 1144 1008 labore

138 1036 176 1094 ad
199 1040 326 1096 mortem
349 1036 440 1096 dnoet
461 1056 515 1097 neo
537 1039 684 1114 plurimos
706 1056 815 1113 pueros
838 1037 874 1096 de
889 1057 920 1096 se
935 1039 1144 1114 generabit3et

84 1134 113 1178 10
138 1126 226 1184 facile
248 1126 429 1203 infirmatur,
460 1127 511 1186 sed
539 1128 599 1186 cito
626 1127 816 1200 convalescet,
843 1145 896 1186 nea
925 1128 978 1186 diu
1002 1128 1091 1192 vivet
1121 1125 1144 1183 si

140 1233 211 1273 vero
234 1215 345 1273 femina
368 1222 426 1290 est,
460 1217 609 1276 otmadiea
631 1216 689 1275 erit
711 1235 765 1275 nec
787 1216 843 1273 ulli
866 1216 1011 1275 bonorem
1035 1217 1144 1284 meat

138 1322 206 1362 aum
229 1304 295 1378 ipsa
316 1305 348 1362 in
370 1303 482 1364 honore
504 1306 552 1380 sit,
576 1305 628 1364 sed
649 1309 750 1363 tamen
772 1304 914 1364 honorem
929 1324 1020 1364 suum
1034 1305 1143 1366 indeleo

137 1397 204 1450 turn
227 1392 348 1453 habebit
370 1396 401 1452 et
423 1396 585 1454 arbeitsam
607 1395 665 1453 erit
686 1414 740 1453 nee
762 1395 856 1452 amari
878 1395 1001 1470 poterit,
1031 1399 1063 1455 et
1088 1411 1143 1455 sana

137 1482 169 1539 in
191 1500 314 1557 corpore
337 1482 389 1542 sed
412 1483 466 1542 diu
487 1503 546 1542 non
568 1483 660 1546 vivet.

98 1579 125 1623 15
228 1571 322 1630 Luna
344 1571 453 1645 quinta
479 1574 604 1634 decima.
657 1572 716 1641 oui
747 1573 779 1629 in
811 1572 916 1646 quinta
947 1572 1064 1632 decima
1088 1573 1143 1632 lum

137 1660 317 1736 coneipitur,
341 1662 367 1720 si
389 1663 539 1721 masenius
562 1664 615 1731 est,
638 1660 804 1720 inhonore
828 1664 858 1720 et
880 1662 911 1718 in
935 1661 1079 1722 felioitate
1100 1660 1143 1720 erit

137 1751 167 1806 et
189 1749 221 1806 in
244 1751 382 1809 omnibus
397 1751 537 1826 operibus
559 1751 629 1820 suis,
654 1769 730 1826 quae
745 1751 897 1825 inseperit,
917 1751 1087 1824 frumesam
1100 1749 1142 1810 erit

137 1841 168 1895 et
190 1838 221 1895 in
245 1839 287 1897 eis
312 1857 372 1898 non
400 1839 525 1914 deficiet,
552 1858 605 1898 seu
627 1839 705 1898 bona
727 1858 780 1897 seu
808 1840 888 1897 mala
914 1841 988 1916 sint,
1023 1838 1141 1918 quadiu

136 1927 320 2002 plenitudine
351 1930 439 1987 lunae
471 1933 630 2004 conseptus
651 1931 710 2004 est,
738 1932 769 1989 et
795 1946 884 1987 sanus
906 1929 938 1986 in
960 1947 1084 2006 corpore
1108 1928 1140 1986 est

95 2024 124 2069 20
137 2019 168 2074 et
189 2035 249 2074 non
273 2017 326 2075 diu
348 2017 438 2079 vivet.
469 2018 501 2076 Si
524 2022 624 2076 autam
646 2017 758 2075 femina
777 2021 829 2092 est,
853 2019 981 2078 lobesam
997 2020 1055 2079 erit
1070 2016 1140 2078 etin

135 2105 220 2165 novis
243 2106 383 2181 operibus
406 2107 522 2182 lustitia,
546 2110 577 2165 et
598 2105 797 2166 honorabitur
819 2110 850 2165 et
873 2107 904 2165 in
926 2107 987 2178 bis,
1017 2127 1092 2184 quae
1112 2101 1140 2162 ad

136 2195 226 2254 deum
256 2198 339 2270 sunt,
372 2195 458 2255 faeile
480 2196 602 2271 peribit,
633 2196 658 2254 si
685 2197 828 2255 honorem
864 2195 918 2254 deo
945 2215 1007 2256 non
1033 2194 1141 2261 dederit

136 2288 166 2342 et
206 2284 294 2343 faoile
330 2284 501 2344 infirmatur
538 2285 571 2342 in
608 2303 745 2360 corpore,
783 2284 834 2343 sed
865 2288 965 2344 tamen
999 2286 1059 2346 sito
1089 2301 1142 2345 eon·

136 2374 273 2448 valescat,
296 2376 327 2432 et
350 2374 403 2432 din
424 2393 484 2433 non
506 2374 596 2435 vivet.

96 2470 125 2514 25
227 2463 324 2521 Luna
345 2467 430 2522 serata
453 2464 576 2524 deeora.
621 2462 680 2532 Qui
702 2463 734 2520 in
756 2466 837 2522 sexta
861 2463 976 2522 decima
997 2465 1071 2523 luna
1092 2479 1144 2522 oon·

138 2552 262 2627 cipitur,
295 2552 320 2610 si
348 2552 497 2611 masculus
519 2557 576 2627 est,
608 2552 683 2610 viles
706 2571 802 2610 mores
831 2551 968 2625 habebit,
1008 2555 1063 2630 qni
1083 2549 1145 2612 nulli

136 2640 309 2715 placebunt,
340 2642 391 2700 sed
414 2641 544 2718 squalidi
572 2644 673 2716 erunt,
707 2644 737 2699 et
758 2641 790 2698 in
813 2641 953 2717 operibus
976 2645 1040 2701 suis
1064 2641 1144 2703 deleo

137 2734 204 2787 tum
227 2729 354 2805 habebit,
377 2729 428 2789 sed
442 2732 541 2789 tamen
556 2733 676 2789 tantum
691 2730 848 2805 superbiae
863 2730 993 2806 habebit,
1017 2733 1100 2808 qnod
1121 2730 1146 2787 in

137 2818 193 2875 hae
220 2819 283 2877 vita
305 2819 414 2894 absque
436 2820 562 2895 penuria
584 2820 744 2878 sustentari
766 2820 885 2894 poterit,
914 2823 945 2879 et
966 2821 1147 2880 infirmitates

97 2914 125 2959 ³0
138 2906 226 2965 faeile
247 2927 306 2966 non
329 2909 459 2985 fatigant
482 2929 565 2979 eum,
596 2912 627 2966 et
654 2927 740 2966 senex
767 2909 832 2970 erit
886 2908 917 2968 Si
949 2928 1021 2969 vero
1050 2910 1149 2969 femina

139 2998 195 3069 est,
227 2996 312 3054 fatua
340 2998 397 3056 erit
425 3003 456 3057 et
484 2997 653 3074 fatigabiles
680 3015 777 3056 mores
807 2997 941 3069 habebit,
974 2999 1028 3058 sed
1060 3007 1149 3059 tamen

138 3086 383 3144 sustentationem
413 3089 492 3147 vit-ae
527 3087 558 3145 in
591 3085 731 3162 superbia
758 3085 880 3145 habebit
910 3089 941 3146 et
971 3087 1003 3145 in
1037 3104 1150 3165 corpore

139 3194 210 3234 sana
233 3178 278 3234 est
301 3177 331 3233 et
353 3175 406 3234 diu
428 3177 519 3236 vivet.

228 3263 324 3323 Lemo
346 3267 473 3337 septima
496 3266 620 3326 decimo.
665 3264 723 3333 Qui
746 3264 778 3322 in
800 3265 927 3342 septima
949 3263 1067 3325 decima
1088 3267 1151 3324 luna

99 3361 127 3407 35
140 3353 316 3430 coneipitur,
339 3354 364 3412 si
386 3356 534 3413 masenius
558 3357 610 3424 est,
634 3354 741 3413 aleam
755 3354 814 3413 erit
836 3359 866 3413 et
888 3354 920 3412 in
942 3355 1090 3429 sapientia
1110 3354 1151 3413 de

138 3442 252 3501 festum
274 3442 403 3518 habebit,
427 3445 477 3502 sed
500 3449 600 3502 tamen
619 3443 678 3501 alio
694 3442 783 3501 modo
799 3443 884 3502 utilis
899 3446 952 3517 est,
977 3446 1009 3502 et
1023 3444 1151 3503 homines

134 3529 172 3589 de
195 3550 230 3592 eo
254 3535 291 3593 ut
313 3531 350 3593 de
372 3551 467 3611 puero
491 3533 687 3603 delectantur,
709 3534 738 3590 et
756 3531 905 3590 amabitur
928 3533 1011 3591 etin
1025 3533 1152 3594 medulla
