2460 3862
126 142 188 203 126
457 130 458 134 ’
512 133 758 193 munucasms

124 340 178 398 per
216 321 414 382 minutionem
445 318 595 379 incisionis
633 320 665 378 in
703 338 779 380 vena
816 323 870 380 aut
912 320 1143 396 sacrificationis,

124 410 245 487 sanguis
269 411 333 471 aius
363 409 549 485 aliquantum
573 426 691 468 carosus
722 409 780 468 erit
809 412 840 468 et
862 409 1013 487 infirmus,
1044 415 1077 472 et
1106 413 1144 472 sic

125 500 213 559 homo
235 499 286 559 ille
309 498 513 559 infirmitatem
535 498 670 560 incurrit.

193 590 319 662 Quaado
340 589 506 650 minuatur.
544 585 620 646 Gum
643 605 714 664 argo
739 587 847 663 aliquis
869 585 957 647 homo
980 607 1089 648 venam
1111 589 1144 649 ad

97 678 321 737 eminuticnem
344 677 495 754 sanguinis
518 675 648 735 incidere
669 676 810 752 voluerit,
833 674 891 736 hoc
910 676 1030 737 ieiunus
1051 678 1143 754 faciat

125 767 196 842 quia
219 786 286 826 cum
302 766 391 827 homa
406 766 524 826 ieiunus
547 768 599 836 est,
622 764 771 837 humores,
794 765 848 841 qui
863 765 975 842 inipso
992 767 1143 843 exsistunt

127 857 308 934 asanguine
332 855 554 932 aliquantulum
576 855 704 930 separati
726 857 809 931 sunt,
838 858 869 914 et
896 856 1019 932 sanguis
1042 857 1076 916 in
1097 856 1142 916 hc

125 945 204 1005 mine
237 948 310 1005 tunc
341 948 422 1005 recto
457 947 488 1004 et
518 943 592 1018 bena
627 947 793 1019 temperato
821 943 909 1003 modo
939 944 1023 1021 fluit,
1064 947 1143 1006 velut

125 1034 249 1109 rivulus,
273 1035 326 1110 qui
348 1035 380 1093 in
402 1034 468 1094 loco
491 1052 545 1093 suo
569 1033 680 1109 absque
694 1033 759 1092 ulla
775 1032 972 1092 commotione
988 1037 1142 1096 ventorum

85 1135 112 1180 10
126 1126 179 1183 aut
201 1124 276 1183 aeris
303 1126 383 1184 recte
410 1126 441 1183 et
468 1122 602 1183 ordinate
631 1125 741 1183 manat.
786 1121 843 1182 Sed
870 1124 1031 1199 postquam
1060 1123 1141 1184 hamo

126 1212 225 1272 cibum
237 1214 393 1290 acceperit,
405 1212 526 1290 sanguis
540 1213 572 1271 in
587 1231 622 1272 ec
638 1211 862 1286 aliquantulum
877 1211 988 1272 fortius
1002 1212 1142 1274 inundare

124 1302 237 1379 incipit,
270 1306 301 1363 et
331 1304 375 1362 ita
405 1302 545 1362 humores
577 1319 608 1360 se
638 1301 685 1360 illi
712 1300 900 1377 aliquantum
931 1301 1140 1373 intermiscent,

125 1410 178 1451 nec
211 1395 285 1452 tunc
315 1392 403 1451 facile
426 1391 471 1450 aab
503 1391 630 1451 invicem
659 1391 792 1465 separari
821 1393 955 1466 possunt.
1000 1391 1043 1451 rt
1073 1392 1142 1466 ideo,

125 1499 194 1540 cum
225 1479 315 1541 homa
345 1481 463 1540 ieiunus
495 1483 553 1552 est,
592 1498 698 1539 venam
725 1478 849 1553 incidat,
885 1483 922 1539 ut
957 1480 1100 1542 humores
1128 1499 1142 1539 a

86 1583 112 1626 15
125 1570 269 1647 sanguine
297 1570 428 1648 separati
461 1572 545 1629 tanto
576 1568 693 1628 facilius
725 1568 861 1643 effluant,
893 1572 1017 1645 excepto
1047 1571 1141 1648 eliqua

125 1659 243 1718 homine
275 1660 306 1719 in
336 1660 432 1720 multa
455 1658 608 1718 debilitate
631 1660 661 1717 et
692 1657 867 1717 infirmitate
893 1659 1064 1737 exsistente,
1094 1658 1140 1736 qui

126 1747 276 1807 modicum
312 1749 411 1808 cibum
450 1748 559 1824 capiat,
603 1751 760 1824 antequem
798 1765 903 1806 vanam
939 1747 1070 1826 incidat,
1112 1766 1142 1807 na

126 1837 252 1897 deficiat.

196 1926 243 1985 De
264 1928 490 1998 scarificatione.
521 1927 581 1997 Qui
595 1926 753 1986 sacrificari
775 1925 850 2001 vult,
874 1925 930 1985 hcc
952 1925 1066 1986 ieiunio
1089 1926 1143 2000 fiat

85 2014 199 2090 asquia
224 2017 297 2074 tunc
326 2016 409 2076 tabes
437 2037 454 2074 a
480 2017 623 2094 sanguine
650 2018 785 2092 separata
816 2015 921 2079 effluit.
965 2012 1044 2074 Nam
1071 2019 1143 2093 pest·

126 2122 215 2178 quam
239 2104 327 2164 humo
351 2105 480 2180 prandit,
504 2105 625 2182 sanguis
640 2104 703 2164 tabi
718 2105 948 2180 intermiscetur,
971 2108 1003 2164 et
1025 2106 1052 2164 si
1076 2110 1143 2164 tunc

127 2193 216 2252 homo
247 2194 405 2253 scarificari
436 2195 579 2269 voluerit,
612 2195 733 2272 sanguis
762 2213 830 2254 cum
856 2194 925 2255 tabe
952 2193 1061 2256 effluit
1105 2191 1144 2252 Ns

126 2285 226 2341 autem
257 2283 346 2343 homo
374 2284 405 2343 in
437 2285 524 2344 corde
551 2283 681 2359 deficiat,
722 2283 873 2344 modicum
905 2283 991 2359 panis
1023 2286 1056 2343 et
1086 2282 1145 2344 uini

127 2375 238 2447 sumat,
271 2376 432 2450 antequam
455 2373 701 2434 scarificationem
724 2373 857 2450 accipiat.
902 2372 992 2432 Omni
1014 2374 1145 2448 tempore

85 2472 113 2517 25
128 2461 300 2522 scarificatio
323 2462 401 2522 bona
424 2466 455 2521 et
475 2463 559 2522 utilis
582 2465 633 2538 est,
658 2466 695 2522 ut
716 2462 798 2522 noxii
820 2460 958 2522 humores
979 2463 1011 2521 st
1028 2461 1145 2531 livores,

128 2550 225 2627 quiin
241 2550 359 2611 homine
378 2555 456 2623 sunt,
479 2552 660 2612 minuantur.
694 2549 770 2610 Nam
781 2552 968 2611 intercutem
984 2553 1016 2610 et
1030 2567 1145 2610 munem

127 2640 235 2700 livores
251 2642 377 2700 maxime
396 2640 579 2711 habundant,
605 2643 635 2701 et
650 2640 681 2700 hi
696 2641 855 2716 praecipue
870 2640 993 2700 laedunt
1007 2637 1145 2700 homines.

128 2728 308 2790 Scarificatio
332 2734 432 2789 autem
455 2731 550 2808 magis
565 2730 724 2790 iuvenibus
746 2749 837 2807 quam
860 2729 977 2790 senibus
1000 2729 1146 2807 congruit,

128 2818 266 2892 quoniam
306 2819 426 2879 iuvenes
463 2821 495 2878 in
532 2819 708 2879 humoribus
741 2820 811 2895 plus
848 2818 1021 2878 habundant
1058 2837 1145 2894 quam

86 2917 114 2962 30
130 2924 218 2966 senes.
264 2908 304 2965 Et
336 2908 513 2967 sacrificatio
544 2909 640 2986 magis
671 2910 702 2967 in
734 2911 845 2969 aestate
873 2926 963 2984 quam
989 2906 1021 2965 in
1052 2906 1146 2967 hieme

128 2996 279 3071 convenit,
310 2998 381 3072 quia
411 2996 546 3057 homines
573 2998 604 3056 in
632 3000 742 3058 aestate
770 2997 864 3074 magis
891 3013 982 3057 navos
1009 2995 1093 3056 cibos
1119 2999 1146 3054 et

127 3103 220 3144 novos
243 3088 274 3144 et
304 3084 415 3144 virides
442 3104 544 3146 succos
573 3087 732 3147 comedunt
761 3106 851 3162 quam
873 3087 904 3145 in
926 3085 1037 3160 hieme,
1070 3084 1146 3144 unde

126 3193 218 3234 novos
240 3173 332 3234 etiam
354 3173 463 3234 livores
486 3175 649 3236 attrahunt.
688 3176 745 3248 Qui
769 3195 841 3237 vero
856 3175 960 3235 molles
975 3177 1007 3234 et
1020 3174 1146 3253 pingues

128 3282 228 3323 carnes
239 3262 356 3338 habent,
366 3265 397 3322 in
408 3283 469 3323 unc
482 3283 580 3325 mense
590 3285 644 3341 par
657 3265 899 3325 scarificationem
914 3263 960 3324 bis
974 3264 1146 3341 sanguinem

84 3362 113 3408 aa
128 3353 291 3414 extrahant.
341 3351 399 3423 Qui
422 3372 491 3413 vero
516 3373 629 3414 macres
652 3358 730 3429 sunt,
758 3354 867 3414 hocin
891 3352 1028 3430 quolibet
1049 3370 1147 3414 meuse

126 3444 215 3504 semel
246 3443 369 3515 faciant,
401 3444 427 3503 si
455 3462 530 3520 opus
560 3444 661 3505 fuerit.
705 3443 744 3502 ut
775 3443 827 3519 qui
854 3443 887 3502 in
913 3442 1008 3503 oculis
1036 3444 1092 3503 aut
1117 3441 1145 3500 in

126 3532 250 3592 auribus
272 3551 326 3592 seu
348 3532 380 3592 in
404 3535 469 3594 tcto
498 3533 594 3611 capite
622 3533 715 3604 dolet,
748 3551 840 3592 cornu
866 3532 914 3590 vel
936 3535 1091 3592 ventosam
1116 3532 1146 3589 iu
