2460 3862
135 158 177 218 40
521 149 766 206 HILDEGARDIS

133 338 252 412 flueret,
281 337 306 395 si
332 336 432 412 ignem
454 335 486 393 in
511 353 542 396 se
567 356 627 396 non
652 335 786 412 haberet,
821 337 852 396 et
876 335 956 412 ignis
985 352 1152 414 numquam

134 427 367 502 extingueretur,
404 425 455 484 sed
481 443 597 501 semper
618 425 747 509 arderet,
778 425 803 484 si
825 425 921 502 frigus
943 445 1036 502 aquae
1059 428 1090 485 in
1116 447 1151 489 eo

133 534 191 574 non
214 518 297 577 esset.
342 515 382 574 Et
404 514 482 591 ignis
504 516 549 575 eet
571 514 661 574 etiam
676 515 943 591 temperamentum
958 519 1056 575 terrae
1071 517 1151 576 frue-

133 609 182 664 tus
217 605 280 664 eius
320 604 464 663 firmando
502 609 533 664 et
568 605 703 664 siooando
740 607 828 680 atque
870 605 907 663 ad
945 607 1152 665 maturitatem

106 694 332 771 sperducendo.
379 693 473 752 Terra
487 697 587 752 autem
602 694 790 754 obstaculum
804 693 882 771 ignis
899 696 951 769 est,
974 713 1011 753 ne
1026 695 1150 755 modum

133 787 163 843 et
192 802 359 842 mensuram
393 802 477 842 suam
508 788 649 847 transeat.
694 782 751 842 Sed
783 787 813 843 et
840 802 890 842 aer
917 785 963 842 est
990 786 1098 844 ventus
1122 789 1152 846 et

133 873 313 932 adiutorium
338 892 446 949 aquae,
473 873 551 931 sieut
573 873 757 932 adiutorium
779 872 857 949 ignis
880 874 910 931 et
931 874 1151 932 retenteeulum

132 963 201 1034 eius,
224 964 267 1022 ite
290 962 371 1038 quod
393 962 503 1021 retinet
524 962 748 1022 fluctuationem
762 962 845 1021 illius
860 960 890 1019 in
906 965 987 1021 reeta
1003 981 1150 1027 mensura.

131 1051 205 1110 Nam
229 1052 254 1111 si
285 1071 394 1127 aquam
416 1052 448 1110 in
476 1053 558 1110 reeta
586 1069 724 1110 mensura
751 1055 781 1109 et
806 1051 912 1110 itinere
940 1070 999 1110 non
1026 1055 1151 1130 teneret

93 1141 184 1199 roilla
206 1160 297 1216 supra
319 1141 441 1201 modum
456 1139 593 1200 efflueret
608 1145 638 1200 et
661 1140 767 1212 omnia,
795 1141 833 1199 ad
855 1158 932 1216 quae
954 1141 1150 1218 pertingeret,

131 1229 341 1307 submergeret.
387 1229 476 1306 Aqua
506 1248 575 1289 vero
606 1230 679 1289 facit
705 1248 801 1289 aerem
828 1230 937 1306 agilem
965 1233 995 1288 et
1016 1231 1150 1290 velooem

131 1321 162 1378 in
185 1319 312 1380 volando
336 1321 366 1378 et
387 1319 518 1378 fertilem
539 1319 571 1378 in
594 1319 735 1395 sudando,
758 1320 801 1379 ite
815 1319 897 1395 quod
918 1318 969 1378 ille
986 1319 1037 1377 dat
1050 1322 1150 1379 terrae

131 1409 350 1479 fecunditatem,
383 1427 451 1467 oum
480 1427 577 1467 rorem
609 1428 644 1468 ex
671 1427 701 1468 se
725 1427 813 1484 super
837 1428 902 1467 eam
925 1408 1044 1468 emittit
1087 1408 1150 1467 Aer

131 1517 250 1574 quoque
282 1499 327 1556 est
358 1498 443 1573 quasi
474 1497 600 1573 pallium
622 1500 736 1573 terrae,
768 1498 838 1572 quia
861 1498 975 1556 aestum
998 1500 1028 1556 et
1050 1497 1149 1574 frigus

91 1598 117 1643 15
132 1587 168 1645 ab
191 1606 226 1646 ea
249 1587 379 1663 depellit,
403 1605 471 1645 eum
486 1587 569 1645 illam
584 1590 732 1662 temperat
747 1589 778 1646 et
792 1605 860 1646 oum
875 1588 973 1644 terrae
987 1605 1086 1645 rorem
1101 1588 1146 1645 in·

129 1677 244 1736 fusione
276 1694 329 1735 sua
356 1677 500 1738 immittit.
546 1677 637 1735 Terra
664 1680 764 1736 autem
792 1680 837 1735 est
864 1677 948 1734 velut
970 1676 1095 1752 spongia
1118 1680 1150 1736 et

129 1766 263 1841 materia,
294 1784 371 1841 quae
403 1765 528 1825 attrahit
560 1769 590 1824 et
622 1766 746 1840 suscipit
776 1765 990 1824 fecunditatem
1018 1766 1055 1823 ab
1084 1765 1148 1841 illo,

130 1855 279 1930 quoniam,
303 1855 327 1911 si
350 1857 432 1913 terra
445 1874 504 1914 non
519 1857 603 1926 esset,
627 1874 678 1912 uer
694 1854 826 1913 officium
840 1873 936 1929 suum,
960 1873 1020 1929 quo
1035 1856 1148 1913 terram

23 1986 27 1993 .
130 1943 277 2019 feeundat
309 1961 369 2001 non
400 1944 531 2008 haberet.
576 1943 632 2002 Sed
666 1963 744 2020 aqua
775 1944 943 2020 coagulatio
975 1945 1073 2002 terrae
1103 1947 1148 2003 est

89 2041 117 2087 20
132 2040 162 2091 et
184 2032 362 2109 constringit
384 2036 414 2092 et
438 2033 539 2092 domet
556 2052 629 2109 eam,
650 2051 685 2091 ne
709 2032 837 2094 diffluat.
877 2032 969 2091 Terra
989 2051 1060 2092 vero
1083 2051 1146 2092 sus-

130 2122 206 2180 tinet
238 2124 267 2180 et
299 2122 429 2181 eontinet
461 2141 567 2198 squam
596 2123 722 2182 etfacit
749 2121 776 2180 ei
803 2126 885 2181 reeta
915 2121 1022 2180 itinera
1050 2124 1149 2181 otest

129 2210 303 2270 sustentatio
333 2211 397 2270 eius
428 2213 573 2286 superius,
607 2215 644 2271 ut
673 2212 788 2270 reatum
815 2211 873 2270 iter
895 2210 1010 2286 habeat,
1038 2216 1069 2270 et
1091 2211 1148 2270 sub

129 2319 168 2375 se,
192 2319 228 2359 ne
250 2300 360 2359 iniuste
383 2301 529 2362 ascendat.
573 2299 650 2359 Nam
681 2301 786 2360 subtus
818 2319 849 2359 se
877 2300 1036 2360 obumbrat
1063 2301 1147 2359 illam

129 2394 159 2449 et
196 2409 286 2465 super
319 2408 349 2449 se
387 2390 517 2450 eontinet
555 2409 627 2451 eam.
685 2390 745 2449 Ros
783 2392 900 2465 autem,
944 2389 997 2465 qui
1034 2391 1148 2449 terram

88 2488 115 2535 25
129 2480 275 2551 fecundat,
310 2483 345 2538 ut
368 2479 594 2555 supradictum
618 2483 670 2555 est,
701 2479 737 2537 de
760 2481 990 2554 temperamento
1014 2479 1091 2555 ignis
1116 2483 1148 2539 et

128 2569 203 2628 aeris
226 2569 316 2630 venit.

196 2659 242 2718 De
269 2675 345 2720 rore.
390 2656 466 2716 Nam
498 2677 565 2716 oum
597 2656 675 2734 ignis
706 2660 737 2716 et
770 2676 820 2715 aer
853 2657 979 2717 invicem
1013 2656 1147 2717 officium

128 2764 215 2805 suum
245 2748 276 2805 in
306 2746 423 2821 placido
451 2749 683 2822 temperamento
706 2746 737 2803 in
760 2747 880 2805 aestatis
903 2750 1038 2820 tempore
1062 2765 1145 2805 exer·

128 2839 203 2910 cent,
226 2835 257 2892 in
280 2835 396 2909 placida
415 2838 446 2894 et
468 2836 567 2894 lueida
590 2854 663 2894 aura
685 2836 794 2912 absque
810 2837 1005 2895 commotione
1021 2839 1145 2912 tempes-

86 2934 115 2979 ee
128 2927 227 2982 tatum
249 2930 372 3000 propter
394 2925 529 2996 calorem,
554 2942 641 2998 quem
664 2929 737 2984 tuno
759 2926 886 2984 invicem
905 2925 1023 3000 habent,
1046 2943 1147 2985 rorem

128 3013 251 3088 sudant,
268 3014 321 3089 qui
344 3013 503 3073 salubriter
525 3012 740 3074 fecunditatem
763 3019 793 3072 et
815 3015 1001 3074 fertilitatem
1025 3015 1063 3073 ad
1085 3015 1145 3073 uti-

127 3103 244 3160 litatem
267 3103 423 3163 fruotuum
444 3104 541 3163 terrae
563 3104 648 3162 velut
670 3121 768 3162 semen
791 3103 962 3163 infundunt.

192 3192 237 3251 De
254 3194 381 3266 pruine
414 3190 488 3250 (lum
512 3195 612 3251 autem
634 3211 684 3250 aer
706 3193 738 3250 in
760 3193 857 3251 hieme
881 3192 917 3250 ad
933 3192 1030 3269 frigus
1046 3195 1144 3252 terrae

129 3300 160 3340 se
192 3281 328 3355 inclinat,
360 3301 395 3340 ex
421 3280 476 3339 hae
499 3280 704 3340 coniunctione
727 3285 757 3340 et
779 3282 929 3341 oollisione
950 3282 1090 3357 pruinam
1113 3286 1144 3341 et

85 3371 189 3446 etipse
220 3373 250 3429 et
280 3371 378 3447 frigus
405 3370 548 3446 educunt,
580 3389 658 3446 quae
692 3373 723 3429 et
754 3370 859 3431 herbas
892 3375 923 3430 et
954 3373 1144 3445 erumpentes

125 3461 212 3519 flores
234 3459 325 3518 laedit
348 3464 378 3519 et
396 3463 507 3519 terram
523 3460 748 3538 constringendo
764 3460 896 3521 arefacit.
931 3459 1017 3519 Nune
1031 3462 1144 3536 autem,

118 3553 157 3604 ut
175 3550 351 3620 praefatum
384 3552 440 3626 est,
475 3550 633 3627 elementa,
663 3568 699 3610 ex
726 3549 833 3626 quibus
861 3549 991 3608 mundus
1017 3552 1143 3622 eonstet,
