2460 3862
127 139 189 199 186
512 133 755 190 HILDEGARDIS

124 321 231 379 herbas
268 319 392 396 genitali
429 317 560 377 membro
598 320 629 377 et
661 319 704 377 ita
737 337 856 379 sursum
890 319 927 377 ad
961 317 1140 378 umbilicum

125 413 155 468 et
187 412 251 468 toto
286 409 427 468 umbilico
463 407 572 466 calidas
610 409 823 485 circumponat.
884 409 925 466 nt
962 408 989 467 si
1022 409 1142 467 iuterim

127 498 318 574 infrigidatae
340 498 461 568 fuerint,
486 515 533 556 eas
553 499 662 556 iterum
678 498 708 556 in
724 498 875 574 praedicta
890 516 969 574 aqua
985 497 1143 557 calefactas

127 588 157 645 in
181 588 290 646 eisdem
312 587 384 661 lotis
413 587 469 646 sibi
498 586 703 662 circumponat
730 589 761 646 et
786 586 843 646 hoc
870 587 970 661 faciat,
1000 586 1145 663 quamdin

98 678 156 735 tin
177 676 283 737 balneo
304 660 358 739 ille
381 676 491 750 sedeat,
519 679 556 734 ut
586 695 641 751 per
663 676 801 735 humores
823 675 984 734 herbarum
1016 677 1143 736 istarum

125 767 200 825 cutis
224 771 253 825 et
275 785 343 846 caro
367 765 449 824 sslius
472 765 601 824 exterius
624 767 655 823 et
677 766 786 825 matrix
808 765 934 824 interius
950 764 1142 825 mollificetur

126 860 155 914 et
182 859 218 913 ut
248 874 339 915 venae
372 856 443 930 eius,
476 870 552 930 quae
585 855 700 914 clausae
733 858 810 930 sunt,
842 854 1023 930 aperiantur.
1071 853 1144 913 Nam

126 946 205 1003 calor
235 945 314 1003 anesi
340 945 478 1002 humores
510 947 687 1016 commovet3
721 945 800 1003 calor
831 947 930 1002 autem
958 943 1144 1020 febrefugiae

126 1038 207 1092 sanat
230 1037 260 1092 et
288 1035 369 1092 calor
396 1033 520 1091 wullena
546 1033 660 1092 fluxum
687 1037 782 1108 parat.
829 1033 869 1092 lit
900 1051 968 1092 cum
1000 1031 1142 1092 herbulae

85 1133 112 1176 10
125 1124 197 1181 istae
220 1123 310 1182 simul
332 1126 545 1197 temperantur,
569 1127 600 1181 et
622 1141 690 1181 cum
705 1123 817 1182 calores
833 1141 935 1181 earum
950 1122 981 1180 in
1000 1123 1143 1181 calefacta

125 1231 201 1287 aqua
224 1212 355 1270 fluminis
378 1212 553 1286 excitantur,
573 1230 660 1286 ‚quae
688 1231 767 1287 aqua
789 1211 851 1270 vivi
873 1212 965 1269 fontis
989 1212 1092 1270 sanior
1114 1215 1141 1270 et

124 1301 242 1360 suavior
265 1305 317 1374 est,
341 1301 481 1376 quoniam
504 1302 535 1358 in
558 1307 661 1375 aperto
685 1303 722 1360 ab
745 1301 812 1359 aliis
828 1301 981 1359 elementis
997 1301 1142 1378 tangitur,

18 1406 19 1410 ’
124 1394 244 1449 etcum
273 1391 361 1448 etiam
393 1391 495 1467 ignitis
527 1390 669 1448 lateribus
701 1393 934 1462 commoventur,
967 1390 1022 1465 qui
1054 1391 1141 1470 etiam

123 1479 188 1538 aliis
215 1479 364 1554 lapidibus
396 1479 508 1538 similes
540 1498 599 1537 non
630 1482 708 1550 sunt,
741 1479 821 1555 quod
852 1498 906 1554 per
937 1479 1038 1556 ignem
1070 1479 1142 1539 cocti

83 1578 111 1622 15
123 1573 201 1638 sunt,
233 1569 311 1628 unde
334 1569 397 1627 sani
420 1569 577 1628 exsistunt:
607 1586 676 1626 cum
698 1569 846 1627 suavitate
869 1568 967 1627 balnei
991 1573 1141 1628 menstrua

7 1732 9 1739 Ι
123 1661 293 1733 provocent,
320 1667 357 1716 ut
379 1657 548 1731 praefatum
573 1659 624 1716 cst.
670 1657 783 1716 Deinde
814 1660 913 1716 sumat
943 1658 1083 1728 rifelbere
1113 1661 1141 1716 et

124 1747 161 1804 ad
184 1765 287 1805 eorum
309 1748 428 1805 tertiam
452 1750 568 1821 partem
584 1747 773 1805 millefolium
790 1750 820 1806 et
834 1747 956 1806 rutham
977 1748 1065 1821 quasi
1085 1751 1139 1806 ter·

123 1836 197 1892 tiam
226 1839 340 1911 partem
370 1836 518 1894 millefolii
541 1839 570 1893 et
592 1839 708 1895 tantum
732 1836 768 1894 de
791 1835 963 1911 aristologia
985 1836 1086 1912 longa,
1108 1840 1140 1894 ut

123 1925 258 1996 rifelbere
292 1929 322 1983 et
353 1925 501 1983 millefolii
532 1929 589 1995 est,
619 1930 648 1984 et
671 1925 835 2000 plurimum
859 1925 895 1983 de
920 1925 1090 2000 dictampno
1113 1928 1140 1983 et

85 2013 196 2071 rehaec
223 2014 253 2070 in
285 2015 427 2072 mortario
455 2013 564 2072 tundat
598 2019 628 2073 et
659 2016 701 2073 sic
735 2015 812 2073 bono
846 2018 877 2072 et
909 2032 986 2087 puro
1014 2015 1086 2074 vino
1111 2015 1139 2071 in

126 2121 202 2160 nova
225 2102 285 2161 olla
309 2106 416 2179 coquat
439 2122 472 2162 ac
495 2107 592 2163 coctas
614 2122 682 2162 cum
704 2105 774 2162 vino
797 2104 829 2161 in
850 2103 1009 2162 saccellum
1037 2103 1140 2162 frmdat

127 2194 157 2249 et
178 2192 299 2266 insuper
322 2196 459 2267 apertum
483 2192 617 2268 garlofel,
641 2196 789 2269 quantum
810 2192 917 2252 habere
932 2195 1041 2268 potest,
1062 2192 1139 2252 etde

127 2281 192 2340 albo
215 2282 317 2357 pipere
340 2282 438 2340 minus
462 2301 551 2356 quam
574 2283 710 2357 garicfili,
739 2285 770 2340 et
796 2283 868 2341 haec
898 2282 988 2340 simul
1011 2286 1092 2341 terat
1112 2285 1139 2340 61

126 2371 196 2428 satis
224 2372 259 2429 de
291 2390 367 2430 novo
403 2374 433 2428 et
463 2373 579 2430 recente
611 2372 706 2446 melle,
742 2371 822 2446 quod
845 2372 956 2446 absque
980 2371 1067 2431 sorde
1089 2375 1138 2445 est,

86 2468 114 2512 25
126 2459 215 2518 addat
237 2464 268 2519 et
289 2461 322 2520 in
347 2462 463 2535 optimo
486 2461 555 2519 vino
578 2460 693 2521 fervere
708 2461 799 2520 faciat
814 2463 904 2536 atque
920 2460 956 2519 ad
973 2461 1137 2536 praedictas

123 2548 229 2607 herbas
251 2551 283 2607 in
306 2550 466 2608 saccellum
488 2549 596 2607 fundat
618 2553 648 2608 61
679 2569 714 2608 ex
743 2549 790 2608 his
822 2550 965 2609 claretum
996 2554 1084 2626 paret
1112 2554 1139 2609 61

124 2657 177 2712 per
199 2639 331 2715 singulos
354 2639 415 2697 dies
439 2642 469 2697 et
490 2640 590 2697 ieiuna
613 2642 643 2697 61
665 2658 771 2714 pransa
793 2639 869 2697 illud
894 2639 985 2710 bibat,
1008 2642 1061 2700 sed
1084 2659 1139 2698 non

123 2727 154 2783 in
177 2729 310 2801 praefato
333 2729 447 2803 balneo,
471 2728 611 2804 quoniam
634 2728 772 2787 balneum
787 2728 936 2786 hominem
952 2729 1138 2805 aliquantum

124 2815 161 2872 ad
196 2816 389 2892 digestionem
427 2818 614 2893 constringit.
660 2818 701 2876 Et
727 2836 795 2876 cum
824 2818 974 2894 frigiditas
1003 2821 1139 2892 rifelbere

84 2904 220 2963 recalere
253 2906 403 2964 millefolii
438 2911 469 2965 et
501 2906 597 2965 calore
625 2907 731 2965 ruthae
761 2911 791 2965 ct
825 2907 922 2965 calore
949 2907 1138 2987 aristologiae

124 2993 229 3068 longae
251 3001 281 3052 et
304 2997 399 3054 calore
423 2995 585 3071 dictampni
608 3000 638 3054 et
661 2996 787 3054 alterato
804 2996 900 3055 calore
915 2996 977 3055 vini
993 3016 1026 3056 ac
1043 2999 1137 3058 calore

124 3083 218 3157 aperti
234 3084 370 3158 gariofili,
387 3086 467 3159 quod
482 3085 554 3143 haec
570 3084 736 3144 infirmitati
752 3086 848 3161 magis
864 3087 1034 3146 convenerit
1049 3107 1137 3164 quam

123 3171 204 3229 aliud
227 3173 361 3248 gariofel,
384 3177 414 3232 et
437 3174 533 3233 calore
556 3174 615 3232 albi
638 3175 759 3250 piperis
782 3175 972 3250 quodetiam
988 3180 1138 3236 menstrua

123 3267 273 3336 provocat,
298 3266 327 3321 et
350 3264 446 3322 calore
461 3264 585 3323 recentis
601 3264 706 3338 mellis,
731 3263 812 3339 quod
827 3265 916 3323 ctiam
931 3263 978 3322 his
994 3267 1137 3339 convenit,

85 3353 324 3426 attemperatum
352 3353 452 3411 clausa
478 3354 590 3412 viscera
612 3354 747 3412 mulieris
775 3353 950 3428 aperiuntur
980 3358 1011 3413 et
1034 3373 1137 3432 coagu-

127 3438 199 3498 latio
223 3446 442 3500 menstruorum
465 3441 605 3501 indurata
627 3443 762 3516 solvitur,
786 3443 870 3502 velut
884 3442 1071 3517 praedictum
1087 3445 1136 3503 est

123 3527 225 3587 Faciat
257 3549 376 3606 qnoque
406 3530 625 3590 sobriunculam
661 3550 696 3589 ex
728 3532 791 3591 ovis
823 3535 855 3590 et
876 3530 1041 3592 sufficiente
1063 3533 1136 3609 sagi·
