<?xml version="1.0" encoding="UTF-8"?>
<!DOCTYPE html PUBLIC "-//W3C//DTD XHTML 1.0 Transitional//EN"
    "http://www.w3.org/TR/xhtml1/DTD/xhtml1-transitional.dtd">
<html xmlns="http://www.w3.org/1999/xhtml" xml:lang="en" lang="en">
 <head>
  <title>
</title>
<meta http-equiv="Content-Type" content="text/html;charset=utf-8" />
  <meta name='ocr-system' content='tesseract 3.04.00' />
  <meta name='ocr-capabilities' content='ocr_page ocr_carea ocr_par ocr_line ocrx_word'/>
</head>
<body>
  <div class='ocr_page' id='page_1' title='image "./hildegardiscaus01hildgoog_0140.png"; bbox 0 0 2460 3862; ppageno 0'>
   <div class='ocr_carea' id='block_1_1' title="bbox 364 118 1113 184">
    <p class='ocr_par' dir='ltr' id='par_1_1' title="bbox 364 118 1113 184">
     <span class='ocr_line' id='line_1_1' title="bbox 364 118 1113 184; baseline 0.012 -9"><span class='ocrx_word' id='word_1_1' title='bbox 364 120 505 175; x_wconf 82' lang='lat' dir='ltr'><strong>GAUSAE</strong></span> <span class='ocrx_word' id='word_1_2' title='bbox 523 120 570 174; x_wconf 83' lang='grc' dir='ltr'>ΕΤ</span> <span class='ocrx_word' id='word_1_3' title='bbox 589 118 712 175; x_wconf 77' lang='lat' dir='ltr'><strong>OURAE</strong></span> <span class='ocrx_word' id='word_1_4' title='bbox 730 119 797 174; x_wconf 90' lang='lat' dir='ltr'>LlB.</span> <span class='ocrx_word' id='word_1_5' title='bbox 815 119 849 174; x_wconf 85' lang='lat' dir='ltr'>II.</span> <span class='ocrx_word' id='word_1_6' title='bbox 1050 123 1113 184; x_wconf 84' lang='lat'>129</span> 
     </span>
    </p>
   </div>
   <div class='ocr_carea' id='block_1_2' title="bbox 90 303 1115 384">
    <p class='ocr_par' dir='ltr' id='par_1_2' title="bbox 90 303 1115 384">
     <span class='ocr_line' id='line_1_2' title="bbox 90 303 1115 384; baseline -0.001 -18"><span class='ocrx_word' id='word_1_7' title='bbox 90 307 179 384; x_wconf 86' lang='lat' dir='ltr'>poris</span> <span class='ocrx_word' id='word_1_8' title='bbox 201 306 248 365; x_wconf 88' lang='lat' dir='ltr'>sui</span> <span class='ocrx_word' id='word_1_9' title='bbox 270 308 388 382; x_wconf 85' lang='lat' dir='ltr'>ponant.</span> <span class='ocrx_word' id='word_1_10' title='bbox 436 303 492 363; x_wconf 84' lang='lat' dir='ltr'>Sed</span> <span class='ocrx_word' id='word_1_11' title='bbox 515 304 568 380; x_wconf 92' lang='lat' dir='ltr'>qui</span> <span class='ocrx_word' id='word_1_12' title='bbox 591 304 741 363; x_wconf 77' lang='lat' dir='ltr'>macilenti</span> <span class='ocrx_word' id='word_1_13' title='bbox 773 306 849 378; x_wconf 91' lang='lat' dir='ltr'>sunt,</span> <span class='ocrx_word' id='word_1_14' title='bbox 880 307 1033 364; x_wconf 89' lang='lat' dir='ltr'>cocturam</span> <span class='ocrx_word' id='word_1_15' title='bbox 1063 325 1115 381; x_wconf 91' lang='lat' dir='ltr'>per</span> 
     </span>
    </p>
   </div>
   <div class='ocr_carea' id='block_1_3' title="bbox 84 393 1207 3595">
    <p class='ocr_par' dir='ltr' id='par_1_3' title="bbox 84 393 1207 3595">
     <span class='ocr_line' id='line_1_3' title="bbox 94 393 1115 455; baseline 0 0"><span class='ocrx_word' id='word_1_16' title='bbox 94 396 258 455; x_wconf 90' lang='lat' dir='ltr'>dimidium</span> <span class='ocrx_word' id='word_1_17' title='bbox 274 413 383 453; x_wconf 91' lang='lat' dir='ltr'>annum</span> <span class='ocrx_word' id='word_1_18' title='bbox 398 396 518 453; x_wconf 77' lang='lat' dir='ltr'><strong>teneant</strong></span> <span class='ocrx_word' id='word_1_19' title='bbox 533 397 564 452; x_wconf 92' lang='lat' dir='ltr'>et</span> <span class='ocrx_word' id='word_1_20' title='bbox 578 413 612 453; x_wconf 91' lang='lat' dir='ltr'>ea</span> <span class='ocrx_word' id='word_1_21' title='bbox 628 394 720 452; x_wconf 89' lang='lat' dir='ltr'>allata</span> <span class='ocrx_word' id='word_1_22' title='bbox 736 393 858 452; x_wconf 89' lang='lat' dir='ltr'>dimidio</span> <span class='ocrx_word' id='word_1_23' title='bbox 875 413 951 453; x_wconf 90' lang='lat' dir='ltr'>anno</span> <span class='ocrx_word' id='word_1_24' title='bbox 967 397 1115 455; x_wconf 88' lang='lat' dir='ltr'>transacto</span> 
     </span>
     <span class='ocr_line' id='line_1_4' title="bbox 93 483 1114 560; baseline -0.001 -16"><span class='ocrx_word' id='word_1_25' title='bbox 93 487 218 560; x_wconf 87' lang='lat' dir='ltr'>iterum,</span> <span class='ocrx_word' id='word_1_26' title='bbox 242 485 266 543; x_wconf 90' lang='lat' dir='ltr'>si</span> <span class='ocrx_word' id='word_1_27' title='bbox 288 483 448 559; x_wconf 80' lang='lat' dir='ltr'>voluerint,</span> <span class='ocrx_word' id='word_1_28' title='bbox 471 486 622 542; x_wconf 86' lang='lat' dir='ltr'>cocturam</span> <span class='ocrx_word' id='word_1_29' title='bbox 644 483 762 558; x_wconf 89' lang='lat' dir='ltr'>faciant,</span> <span class='ocrx_word' id='word_1_30' title='bbox 792 483 843 542; x_wconf 88' lang='lat' dir='ltr'>sed</span> <span class='ocrx_word' id='word_1_31' title='bbox 873 487 973 542; x_wconf 89' lang='lat' dir='ltr'>tamen</span> <span class='ocrx_word' id='word_1_32' title='bbox 1003 485 1034 543; x_wconf 92' lang='lat' dir='ltr'>in</span> <span class='ocrx_word' id='word_1_33' title='bbox 1057 484 1114 544; x_wconf 88' lang='lat' dir='ltr'>alio</span> 
     </span>
     <span class='ocr_line' id='line_1_5' title="bbox 90 572 1124 650; baseline 0 -17"><span class='ocrx_word' id='word_1_34' title='bbox 90 576 163 633; x_wconf 90' lang='lat' dir='ltr'>loeo</span> <span class='ocrx_word' id='word_1_35' title='bbox 187 574 319 650; x_wconf 89' lang='lat' dir='ltr'>corporis</span> <span class='ocrx_word' id='word_1_36' title='bbox 341 572 397 647; x_wconf 85' lang='lat' dir='ltr'>sni,</span> <span class='ocrx_word' id='word_1_37' title='bbox 429 572 508 647; x_wconf 89' lang='lat' dir='ltr'>quia,</span> <span class='ocrx_word' id='word_1_38' title='bbox 540 573 566 631; x_wconf 87' lang='lat' dir='ltr'>si</span> <span class='ocrx_word' id='word_1_39' title='bbox 588 575 709 631; x_wconf 89' lang='lat' dir='ltr'>coctura</span> <span class='ocrx_word' id='word_1_40' title='bbox 730 572 761 630; x_wconf 90' lang='lat' dir='ltr'>in</span> <span class='ocrx_word' id='word_1_41' title='bbox 784 590 844 630; x_wconf 92' lang='lat' dir='ltr'>nno</span> <span class='ocrx_word' id='word_1_42' title='bbox 868 572 1028 649; x_wconf 88' lang='lat' dir='ltr'>eodemque</span> <span class='ocrx_word' id='word_1_43' title='bbox 1050 574 1124 633; x_wconf 87' lang='lat' dir='ltr'>loco·</span> 
     </span>
     <span class='ocr_line' id='line_1_6' title="bbox 93 660 1141 738; baseline -0.001 -15"><span class='ocrx_word' id='word_1_44' title='bbox 93 662 231 738; x_wconf 89' lang='lat' dir='ltr'>corporis</span> <span class='ocrx_word' id='word_1_45' title='bbox 253 662 369 738; x_wconf 87' lang='lat' dir='ltr'>saepius</span> <span class='ocrx_word' id='word_1_46' title='bbox 392 663 423 720; x_wconf 91' lang='lat' dir='ltr'>et</span> <span class='ocrx_word' id='word_1_47' title='bbox 445 662 559 720; x_wconf 88' lang='lat' dir='ltr'>diutius</span> <span class='ocrx_word' id='word_1_48' title='bbox 590 662 632 736; x_wconf 89' lang='lat' dir='ltr'>fit,</span> <span class='ocrx_word' id='word_1_49' title='bbox 667 680 733 720; x_wconf 91' lang='lat' dir='ltr'>caro</span> <span class='ocrx_word' id='word_1_50' title='bbox 767 660 808 719; x_wconf 93' lang='lat' dir='ltr'>ibi</span> <span class='ocrx_word' id='word_1_51' title='bbox 843 661 968 720; x_wconf 88' lang='lat' dir='ltr'>multam</span> <span class='ocrx_word' id='word_1_52' title='bbox 1004 664 1141 722; x_wconf 78' lang='lat' dir='ltr'>saniem5</span> 
     </span>
     <span class='ocr_line' id='line_1_7' title="bbox 92 750 1113 828; baseline 0.001 -17"><span class='ocrx_word' id='word_1_53' title='bbox 92 752 214 828; x_wconf 76' lang='lat' dir='ltr'>colligit</span> <span class='ocrx_word' id='word_1_54' title='bbox 242 754 272 810; x_wconf 94' lang='lat' dir='ltr'>et</span> <span class='ocrx_word' id='word_1_55' title='bbox 305 752 347 810; x_wconf 91' lang='lat' dir='ltr'>sic</span> <span class='ocrx_word' id='word_1_56' title='bbox 378 751 559 810; x_wconf 80' lang='lat' dir='ltr'>debilitatem</span> <span class='ocrx_word' id='word_1_57' title='bbox 594 751 721 809; x_wconf 76' lang='lat' dir='ltr'>incurrit</span> <span class='ocrx_word' id='word_1_58' title='bbox 754 755 784 810; x_wconf 93' lang='lat' dir='ltr'>et</span> <span class='ocrx_word' id='word_1_59' title='bbox 816 750 986 823; x_wconf 88' lang='lat' dir='ltr'>indurescit,</span> <span class='ocrx_word' id='word_1_60' title='bbox 1018 753 1067 811; x_wconf 86' lang='lat' dir='ltr'>vel</span> <span class='ocrx_word' id='word_1_61' title='bbox 1089 754 1113 812; x_wconf 91' lang='lat' dir='ltr'>si</span> 
     </span>
     <span class='ocr_line' id='line_1_8' title="bbox 93 838 1114 913; baseline 0.001 -13"><span class='ocrx_word' id='word_1_62' title='bbox 93 842 213 900; x_wconf 89' lang='lat' dir='ltr'>diutius</span> <span class='ocrx_word' id='word_1_63' title='bbox 236 843 266 900; x_wconf 92' lang='lat' dir='ltr'>et</span> <span class='ocrx_word' id='word_1_64' title='bbox 287 840 443 899; x_wconf 75' lang='lat' dir='ltr'>indiscrete</span> <span class='ocrx_word' id='word_1_65' title='bbox 465 840 496 898; x_wconf 87' lang='lat' dir='ltr'>in</span> <span class='ocrx_word' id='word_1_66' title='bbox 525 839 589 898; x_wconf 94' lang='lat' dir='ltr'>ullo</span> <span class='ocrx_word' id='word_1_67' title='bbox 618 838 737 899; x_wconf 89' lang='lat' dir='ltr'>homine</span> <span class='ocrx_word' id='word_1_68' title='bbox 769 843 894 913; x_wconf 90' lang='lat' dir='ltr'>tenetur,</span> <span class='ocrx_word' id='word_1_69' title='bbox 925 843 997 900; x_wconf 90' lang='lat' dir='ltr'>tunc</span> <span class='ocrx_word' id='word_1_70' title='bbox 1028 842 1114 901; x_wconf 90' lang='lat' dir='ltr'>malis</span> 
     </span>
     <span class='ocr_line' id='line_1_9' title="bbox 94 928 1114 1007; baseline 0.002 -19"><span class='ocrx_word' id='word_1_71' title='bbox 94 930 274 989; x_wconf 87' lang='lat' dir='ltr'>humoribus</span> <span class='ocrx_word' id='word_1_72' title='bbox 312 932 343 989; x_wconf 89' lang='lat' dir='ltr'>et</span> <span class='ocrx_word' id='word_1_73' title='bbox 374 929 521 989; x_wconf 83' lang='lat' dir='ltr'>livoribus</span> <span class='ocrx_word' id='word_1_74' title='bbox 555 928 757 989; x_wconf 88' lang='lat' dir='ltr'>deficientibus</span> <span class='ocrx_word' id='word_1_75' title='bbox 790 929 898 988; x_wconf 88' lang='lat' dir='ltr'>sanitas</span> <span class='ocrx_word' id='word_1_76' title='bbox 931 932 961 988; x_wconf 92' lang='lat' dir='ltr'>et</span> <span class='ocrx_word' id='word_1_77' title='bbox 994 931 1114 1007; x_wconf 89' lang='lat' dir='ltr'>sanguis</span> 
     </span>
     <span class='ocr_line' id='line_1_10' title="bbox 94 1018 1114 1094; baseline -0.001 -15"><span class='ocrx_word' id='word_1_78' title='bbox 94 1019 227 1079; x_wconf 88' lang='lat' dir='ltr'>hominis</span> <span class='ocrx_word' id='word_1_79' title='bbox 242 1019 357 1078; x_wconf 88' lang='lat' dir='ltr'>eicitur.</span> <span class='ocrx_word' id='word_1_80' title='bbox 402 1018 651 1077; x_wconf 76' lang='lat' dir='ltr'>Adulescentibus</span> <span class='ocrx_word' id='word_1_81' title='bbox 673 1022 774 1077; x_wconf 89' lang='lat' dir='ltr'>autem</span> <span class='ocrx_word' id='word_1_82' title='bbox 796 1021 916 1077; x_wconf 88' lang='lat' dir='ltr'>coctura</span> <span class='ocrx_word' id='word_1_83' title='bbox 938 1038 992 1094; x_wconf 91' lang='lat' dir='ltr'>per</span> <span class='ocrx_word' id='word_1_84' title='bbox 1014 1019 1114 1078; x_wconf 88' lang='lat' dir='ltr'>decem</span> 
     </span>
     <span class='ocr_line' id='line_1_11' title="bbox 94 1106 1154 1185; baseline 0.001 -18"><span class='ocrx_word' id='word_1_85' title='bbox 94 1108 296 1168; x_wconf 86' lang='lat' dir='ltr'>hebdomadas</span> <span class='ocrx_word' id='word_1_86' title='bbox 327 1108 463 1171; x_wconf 88' lang='lat' dir='ltr'>sufficiat.</span> <span class='ocrx_word' id='word_1_87' title='bbox 509 1106 584 1166; x_wconf 75' lang='lat' dir='ltr'>(lum</span> <span class='ocrx_word' id='word_1_88' title='bbox 616 1111 715 1166; x_wconf 88' lang='lat' dir='ltr'>antem</span> <span class='ocrx_word' id='word_1_89' title='bbox 747 1111 868 1166; x_wconf 87' lang='lat' dir='ltr'>coctura</span> <span class='ocrx_word' id='word_1_90' title='bbox 896 1107 1029 1167; x_wconf 85' lang='lat' dir='ltr'>facienda</span> <span class='ocrx_word' id='word_1_91' title='bbox 1060 1111 1113 1185; x_wconf 89' lang='lat' dir='ltr'>est,</span> <span class='ocrx_word' id='word_1_92' title='bbox 1127 1116 1154 1160; x_wconf 91' lang='lat'>10</span> 
     </span>
     <span class='ocr_line' id='line_1_12' title="bbox 94 1197 1112 1273; baseline 0.001 -16"><span class='ocrx_word' id='word_1_93' title='bbox 94 1201 151 1257; x_wconf 88' lang='lat' dir='ltr'>aut</span> <span class='ocrx_word' id='word_1_94' title='bbox 188 1199 248 1257; x_wconf 90' lang='lat' dir='ltr'>isca</span> <span class='ocrx_word' id='word_1_95' title='bbox 280 1202 334 1256; x_wconf 87' lang='lat' dir='ltr'>ant</span> <span class='ocrx_word' id='word_1_96' title='bbox 362 1197 494 1256; x_wconf 81' lang='lat' dir='ltr'>medulla</span> <span class='ocrx_word' id='word_1_97' title='bbox 522 1197 627 1256; x_wconf 74' lang='lat' dir='ltr'>tusani</span> <span class='ocrx_word' id='word_1_98' title='bbox 658 1199 711 1255; x_wconf 88' lang='lat' dir='ltr'>aut</span> <span class='ocrx_word' id='word_1_99' title='bbox 740 1197 817 1256; x_wconf 89' lang='lat' dir='ltr'>node</span> <span class='ocrx_word' id='word_1_100' title='bbox 849 1197 883 1256; x_wconf 92' lang='lat' dir='ltr'>de</span> <span class='ocrx_word' id='word_1_101' title='bbox 915 1199 991 1257; x_wconf 94' lang='lat' dir='ltr'>lineo</span> <span class='ocrx_word' id='word_1_102' title='bbox 1014 1217 1112 1273; x_wconf 92' lang='lat' dir='ltr'>panno</span> 
     </span>
     <span class='ocr_line' id='line_1_13' title="bbox 96 1285 1112 1362; baseline 0.001 -16"><span class='ocrx_word' id='word_1_103' title='bbox 96 1289 178 1346; x_wconf 85' lang='lat' dir='ltr'>fecto</span> <span class='ocrx_word' id='word_1_104' title='bbox 193 1287 372 1361; x_wconf 87' lang='lat' dir='ltr'>intendatur,</span> <span class='ocrx_word' id='word_1_105' title='bbox 395 1306 454 1346; x_wconf 89' lang='lat' dir='ltr'>non</span> <span class='ocrx_word' id='word_1_106' title='bbox 470 1290 570 1345; x_wconf 87' lang='lat' dir='ltr'>autem</span> <span class='ocrx_word' id='word_1_107' title='bbox 585 1287 676 1362; x_wconf 86' lang='lat' dir='ltr'>ferro,</span> <span class='ocrx_word' id='word_1_108' title='bbox 701 1287 771 1361; x_wconf 90' lang='lat' dir='ltr'>quia</span> <span class='ocrx_word' id='word_1_109' title='bbox 786 1285 863 1344; x_wconf 89' lang='lat' dir='ltr'>illud</span> <span class='ocrx_word' id='word_1_110' title='bbox 877 1287 989 1346; x_wconf 90' lang='lat' dir='ltr'>multos</span> <span class='ocrx_word' id='word_1_111' title='bbox 1003 1287 1112 1347; x_wconf 85' lang='lat' dir='ltr'>livores</span> 
     </span>
     <span class='ocr_line' id='line_1_14' title="bbox 94 1375 1111 1452; baseline 0 -17"><span class='ocrx_word' id='word_1_112' title='bbox 94 1376 254 1436; x_wconf 86' lang='lat' dir='ltr'>indiscrete</span> <span class='ocrx_word' id='word_1_113' title='bbox 277 1376 409 1451; x_wconf 87' lang='lat' dir='ltr'>attrahit,</span> <span class='ocrx_word' id='word_1_114' title='bbox 432 1395 485 1436; x_wconf 91' lang='lat' dir='ltr'>nec</span> <span class='ocrx_word' id='word_1_115' title='bbox 500 1375 652 1451; x_wconf 87' lang='lat' dir='ltr'>sulphure,</span> <span class='ocrx_word' id='word_1_116' title='bbox 676 1377 816 1452; x_wconf 90' lang='lat' dir='ltr'>quoniam</span> <span class='ocrx_word' id='word_1_117' title='bbox 831 1378 862 1434; x_wconf 89' lang='lat' dir='ltr'>et</span> <span class='ocrx_word' id='word_1_118' title='bbox 876 1395 992 1435; x_wconf 90' lang='lat' dir='ltr'>carnem</span> <span class='ocrx_word' id='word_1_119' title='bbox 1011 1379 1111 1452; x_wconf 89' lang='lat' dir='ltr'>putre·</span> 
     </span>
     <span class='ocr_line' id='line_1_15' title="bbox 94 1464 1111 1540; baseline 0.002 -17"><span class='ocrx_word' id='word_1_120' title='bbox 94 1465 172 1525; x_wconf 85' lang='lat' dir='ltr'>facit</span> <span class='ocrx_word' id='word_1_121' title='bbox 194 1468 225 1524; x_wconf 95' lang='lat' dir='ltr'>et</span> <span class='ocrx_word' id='word_1_122' title='bbox 246 1466 407 1525; x_wconf 89' lang='lat' dir='ltr'>foetentem</span> <span class='ocrx_word' id='word_1_123' title='bbox 435 1465 546 1540; x_wconf 85' lang='lat' dir='ltr'>reddet,</span> <span class='ocrx_word' id='word_1_124' title='bbox 584 1483 637 1524; x_wconf 93' lang='lat' dir='ltr'>nec</span> <span class='ocrx_word' id='word_1_125' title='bbox 671 1464 761 1524; x_wconf 88' lang='lat' dir='ltr'>etiam</span> <span class='ocrx_word' id='word_1_126' title='bbox 795 1465 891 1540; x_wconf 91' lang='lat' dir='ltr'>thure,</span> <span class='ocrx_word' id='word_1_127' title='bbox 931 1466 1002 1540; x_wconf 88' lang='lat' dir='ltr'>quia</span> <span class='ocrx_word' id='word_1_128' title='bbox 1035 1466 1111 1525; x_wconf 89' lang='lat' dir='ltr'>illud</span> 
     </span>
     <span class='ocr_line' id='line_1_16' title="bbox 94 1552 1152 1614; baseline 0.001 -1"><span class='ocrx_word' id='word_1_129' title='bbox 94 1555 230 1614; x_wconf 87' lang='lat' dir='ltr'>flammas</span> <span class='ocrx_word' id='word_1_130' title='bbox 262 1555 373 1613; x_wconf 90' lang='lat' dir='ltr'>emittit</span> <span class='ocrx_word' id='word_1_131' title='bbox 407 1557 437 1613; x_wconf 91' lang='lat' dir='ltr'>et</span> <span class='ocrx_word' id='word_1_132' title='bbox 471 1557 570 1613; x_wconf 91' lang='lat' dir='ltr'>cutem</span> <span class='ocrx_word' id='word_1_133' title='bbox 604 1572 732 1614; x_wconf 86' lang='lat' dir='ltr'>arescere</span> <span class='ocrx_word' id='word_1_134' title='bbox 766 1554 848 1614; x_wconf 89' lang='lat' dir='ltr'>facit.</span> <span class='ocrx_word' id='word_1_135' title='bbox 894 1552 968 1613; x_wconf 91' lang='lat' dir='ltr'>Nam</span> <span class='ocrx_word' id='word_1_136' title='bbox 1001 1556 1060 1613; x_wconf 90' lang='lat' dir='ltr'>isca</span> <span class='ocrx_word' id='word_1_137' title='bbox 1082 1558 1152 1614; x_wconf 87' lang='lat' dir='ltr'>et15</span> 
     </span>
     <span class='ocr_line' id='line_1_17' title="bbox 96 1642 1112 1720; baseline 0.002 -18"><span class='ocrx_word' id='word_1_138' title='bbox 96 1644 230 1703; x_wconf 85' lang='lat' dir='ltr'>medulla</span> <span class='ocrx_word' id='word_1_139' title='bbox 260 1644 366 1703; x_wconf 87' lang='lat' dir='ltr'>fusarii</span> <span class='ocrx_word' id='word_1_140' title='bbox 395 1646 426 1701; x_wconf 92' lang='lat' dir='ltr'>et</span> <span class='ocrx_word' id='word_1_141' title='bbox 454 1642 549 1703; x_wconf 84' lang='lat' dir='ltr'>lineus</span> <span class='ocrx_word' id='word_1_142' title='bbox 581 1662 695 1718; x_wconf 87' lang='lat' dir='ltr'>pannus</span> <span class='ocrx_word' id='word_1_143' title='bbox 717 1644 858 1703; x_wconf 89' lang='lat' dir='ltr'>leniorem</span> <span class='ocrx_word' id='word_1_144' title='bbox 880 1645 980 1720; x_wconf 83' lang='lat' dir='ltr'>ignem</span> <span class='ocrx_word' id='word_1_145' title='bbox 1002 1644 1112 1704; x_wconf 90' lang='lat' dir='ltr'>habent</span> 
     </span>
     <span class='ocr_line' id='line_1_18' title="bbox 95 1727 1111 1810; baseline 0.002 -19"><span class='ocrx_word' id='word_1_146' title='bbox 95 1752 189 1808; x_wconf 89' lang='lat' dir='ltr'>qnam</span> <span class='ocrx_word' id='word_1_147' title='bbox 221 1732 279 1791; x_wconf 89' lang='lat' dir='ltr'>alia</span> <span class='ocrx_word' id='word_1_148' title='bbox 310 1727 501 1792; x_wconf 88' lang='lat' dir='ltr'>incendibilie</span> <span class='ocrx_word' id='word_1_149' title='bbox 532 1736 562 1792; x_wconf 92' lang='lat' dir='ltr'>et</span> <span class='ocrx_word' id='word_1_150' title='bbox 592 1736 691 1792; x_wconf 92' lang='lat' dir='ltr'>cutem</span> <span class='ocrx_word' id='word_1_151' title='bbox 713 1735 830 1791; x_wconf 84' lang='lat' dir='ltr'>tanturn</span> <span class='ocrx_word' id='word_1_152' title='bbox 854 1734 1059 1810; x_wconf 89' lang='lat' dir='ltr'>perstringunt</span> <span class='ocrx_word' id='word_1_153' title='bbox 1081 1737 1111 1794; x_wconf 90' lang='lat' dir='ltr'>et</span> 
     </span>
     <span class='ocr_line' id='line_1_19' title="bbox 95 1822 1110 1898; baseline 0.002 -18"><span class='ocrx_word' id='word_1_154' title='bbox 95 1840 214 1881; x_wconf 89' lang='lat' dir='ltr'>carnem</span> <span class='ocrx_word' id='word_1_155' title='bbox 235 1841 295 1881; x_wconf 92' lang='lat' dir='ltr'>non</span> <span class='ocrx_word' id='word_1_156' title='bbox 316 1822 477 1897; x_wconf 89' lang='lat' dir='ltr'>perforent,</span> <span class='ocrx_word' id='word_1_157' title='bbox 509 1822 580 1898; x_wconf 86' lang='lat' dir='ltr'>quia</span> <span class='ocrx_word' id='word_1_158' title='bbox 611 1822 665 1881; x_wconf 91' lang='lat' dir='ltr'>ubi</span> <span class='ocrx_word' id='word_1_159' title='bbox 688 1823 765 1881; x_wconf 89' lang='lat' dir='ltr'>cutis</span> <span class='ocrx_word' id='word_1_160' title='bbox 787 1825 905 1881; x_wconf 90' lang='lat' dir='ltr'>tantum</span> <span class='ocrx_word' id='word_1_161' title='bbox 927 1823 1110 1896; x_wconf 87' lang='lat' dir='ltr'>vulneretur,</span> 
     </span>
     <span class='ocr_line' id='line_1_20' title="bbox 94 1910 1110 1984; baseline 0.003 -16"><span class='ocrx_word' id='word_1_162' title='bbox 94 1910 138 1969; x_wconf 89' lang='lat' dir='ltr'>ibi</span> <span class='ocrx_word' id='word_1_163' title='bbox 162 1911 302 1970; x_wconf 87' lang='lat' dir='ltr'>humores</span> <span class='ocrx_word' id='word_1_164' title='bbox 325 1913 462 1970; x_wconf 86' lang='lat' dir='ltr'>emanant</span> <span class='ocrx_word' id='word_1_165' title='bbox 484 1913 515 1971; x_wconf 90' lang='lat' dir='ltr'>et</span> <span class='ocrx_word' id='word_1_166' title='bbox 536 1930 596 1970; x_wconf 92' lang='lat' dir='ltr'>non</span> <span class='ocrx_word' id='word_1_167' title='bbox 618 1912 726 1970; x_wconf 87' lang='lat' dir='ltr'>sanitas</span> <span class='ocrx_word' id='word_1_168' title='bbox 753 1911 895 1984; x_wconf 83' lang='lat' dir='ltr'>heminis3</span> <span class='ocrx_word' id='word_1_169' title='bbox 927 1912 980 1971; x_wconf 89' lang='lat' dir='ltr'>ubi</span> <span class='ocrx_word' id='word_1_170' title='bbox 1010 1917 1110 1971; x_wconf 87' lang='lat' dir='ltr'>autem</span> 
     </span>
     <span class='ocr_line' id='line_1_21' title="bbox 94 2001 1151 2080; baseline 0.001 -21"><span class='ocrx_word' id='word_1_171' title='bbox 94 2018 165 2059; x_wconf 88' lang='lat' dir='ltr'>caro</span> <span class='ocrx_word' id='word_1_172' title='bbox 188 2019 256 2060; x_wconf 90' lang='lat' dir='ltr'>cnm</span> <span class='ocrx_word' id='word_1_173' title='bbox 278 2004 346 2060; x_wconf 90' lang='lat' dir='ltr'>cute</span> <span class='ocrx_word' id='word_1_174' title='bbox 367 2019 423 2080; x_wconf 93' lang='lat' dir='ltr'>per</span> <span class='ocrx_word' id='word_1_175' title='bbox 445 2001 546 2077; x_wconf 86' lang='lat' dir='ltr'>ignem</span> <span class='ocrx_word' id='word_1_176' title='bbox 569 2001 745 2077; x_wconf 88' lang='lat' dir='ltr'>perforatur,</span> <span class='ocrx_word' id='word_1_177' title='bbox 768 2001 877 2059; x_wconf 87' lang='lat' dir='ltr'>sanitas</span> <span class='ocrx_word' id='word_1_178' title='bbox 899 2001 1027 2060; x_wconf 91' lang='lat' dir='ltr'>hominis</span> <span class='ocrx_word' id='word_1_179' title='bbox 1042 2007 1151 2060; x_wconf 71' lang='lat' dir='ltr'>cnm20</span> 
     </span>
     <span class='ocr_line' id='line_1_22' title="bbox 93 2088 1111 2166; baseline 0.003 -19"><span class='ocrx_word' id='word_1_180' title='bbox 93 2089 165 2148; x_wconf 87' lang='lat' dir='ltr'>tabe</span> <span class='ocrx_word' id='word_1_181' title='bbox 203 2090 363 2166; x_wconf 87' lang='lat' dir='ltr'>egreditur.</span> <span class='ocrx_word' id='word_1_182' title='bbox 422 2088 481 2149; x_wconf 87' lang='lat' dir='ltr'>Sed</span> <span class='ocrx_word' id='word_1_183' title='bbox 515 2091 540 2149; x_wconf 87' lang='lat' dir='ltr'>si</span> <span class='ocrx_word' id='word_1_184' title='bbox 573 2109 638 2149; x_wconf 91' lang='lat' dir='ltr'>eam</span> <span class='ocrx_word' id='word_1_185' title='bbox 673 2089 787 2148; x_wconf 89' lang='lat' dir='ltr'>diutius</span> <span class='ocrx_word' id='word_1_186' title='bbox 822 2089 947 2165; x_wconf 88' lang='lat' dir='ltr'>quilibet</span> <span class='ocrx_word' id='word_1_187' title='bbox 980 2092 1111 2150; x_wconf 80' lang='lat' dir='ltr'>voluerit</span> 
     </span>
     <span class='ocr_line' id='line_1_23' title="bbox 91 2177 1109 2256; baseline 0.002 -20"><span class='ocrx_word' id='word_1_188' title='bbox 91 2177 203 2237; x_wconf 90' lang='lat' dir='ltr'>habere</span> <span class='ocrx_word' id='word_1_189' title='bbox 235 2181 266 2237; x_wconf 93' lang='lat' dir='ltr'>et</span> <span class='ocrx_word' id='word_1_190' title='bbox 297 2198 394 2253; x_wconf 88' lang='lat' dir='ltr'>panno</span> <span class='ocrx_word' id='word_1_191' title='bbox 427 2179 642 2256; x_wconf 87' lang='lat' dir='ltr'>circumligare,</span> <span class='ocrx_word' id='word_1_192' title='bbox 674 2182 746 2237; x_wconf 90' lang='lat' dir='ltr'>tunc</span> <span class='ocrx_word' id='word_1_193' title='bbox 778 2179 909 2238; x_wconf 76' lang='lat' dir='ltr'>medulla</span> <span class='ocrx_word' id='word_1_194' title='bbox 939 2180 975 2237; x_wconf 91' lang='lat' dir='ltr'>de</span> <span class='ocrx_word' id='word_1_195' title='bbox 1007 2181 1109 2256; x_wconf 88' lang='lat' dir='ltr'>corylo</span> 
     </span>
     <span class='ocr_line' id='line_1_24' title="bbox 92 2267 1108 2345; baseline 0.003 -19"><span class='ocrx_word' id='word_1_196' title='bbox 92 2270 215 2342; x_wconf 85' lang='lat' dir='ltr'>sumpta</span> <span class='ocrx_word' id='word_1_197' title='bbox 246 2271 277 2326; x_wconf 93' lang='lat' dir='ltr'>et</span> <span class='ocrx_word' id='word_1_198' title='bbox 306 2267 422 2327; x_wconf 89' lang='lat' dir='ltr'>modica</span> <span class='ocrx_word' id='word_1_199' title='bbox 451 2270 560 2344; x_wconf 87' lang='lat' dir='ltr'>stuppa</span> <span class='ocrx_word' id='word_1_200' title='bbox 587 2268 623 2327; x_wconf 93' lang='lat' dir='ltr'>de</span> <span class='ocrx_word' id='word_1_201' title='bbox 650 2268 712 2327; x_wconf 91' lang='lat' dir='ltr'>lino</span> <span class='ocrx_word' id='word_1_202' title='bbox 735 2268 946 2343; x_wconf 89' lang='lat' dir='ltr'>circumposita</span> <span class='ocrx_word' id='word_1_203' title='bbox 967 2269 1108 2345; x_wconf 91' lang='lat' dir='ltr'>imponat.</span> 
     </span>
     <span class='ocr_line' id='line_1_25' title="bbox 92 2355 1109 2433; baseline 0.002 -19"><span class='ocrx_word' id='word_1_204' title='bbox 92 2355 181 2427; x_wconf 86' lang='lat' dir='ltr'>Quod</span> <span class='ocrx_word' id='word_1_205' title='bbox 214 2356 239 2415; x_wconf 90' lang='lat' dir='ltr'>si</span> <span class='ocrx_word' id='word_1_206' title='bbox 273 2377 337 2415; x_wconf 89' lang='lat' dir='ltr'>eam</span> <span class='ocrx_word' id='word_1_207' title='bbox 371 2356 480 2433; x_wconf 86' lang='lat' dir='ltr'>absque</span> <span class='ocrx_word' id='word_1_208' title='bbox 512 2357 653 2433; x_wconf 81' lang='lat' dir='ltr'>ligamine</span> <span class='ocrx_word' id='word_1_209' title='bbox 686 2358 716 2415; x_wconf 91' lang='lat' dir='ltr'>et</span> <span class='ocrx_word' id='word_1_210' title='bbox 749 2376 841 2433; x_wconf 88' lang='lat' dir='ltr'>parvo</span> <span class='ocrx_word' id='word_1_211' title='bbox 875 2361 1008 2433; x_wconf 91' lang='lat' dir='ltr'>tempore</span> <span class='ocrx_word' id='word_1_212' title='bbox 1042 2358 1109 2416; x_wconf 84' lang='lat' dir='ltr'>vult</span> 
     </span>
     <span class='ocr_line' id='line_1_26' title="bbox 90 2444 1207 2522; baseline 0.002 -18"><span class='ocrx_word' id='word_1_213' title='bbox 90 2444 210 2521; x_wconf 88' lang='lat' dir='ltr'>habere,</span> <span class='ocrx_word' id='word_1_214' title='bbox 232 2448 305 2506; x_wconf 90' lang='lat' dir='ltr'>tunc</span> <span class='ocrx_word' id='word_1_215' title='bbox 327 2450 467 2522; x_wconf 85' lang='lat' dir='ltr'>stuppam</span> <span class='ocrx_word' id='word_1_216' title='bbox 490 2445 525 2505; x_wconf 91' lang='lat' dir='ltr'>de</span> <span class='ocrx_word' id='word_1_217' title='bbox 548 2446 608 2504; x_wconf 89' lang='lat' dir='ltr'>lino</span> <span class='ocrx_word' id='word_1_218' title='bbox 624 2448 677 2504; x_wconf 85' lang='lat' dir='ltr'>aut</span> <span class='ocrx_word' id='word_1_219' title='bbox 693 2446 786 2505; x_wconf 90' lang='lat' dir='ltr'>crines</span> <span class='ocrx_word' id='word_1_220' title='bbox 801 2445 837 2504; x_wconf 91' lang='lat' dir='ltr'>de</span> <span class='ocrx_word' id='word_1_221' title='bbox 852 2447 950 2521; x_wconf 92' lang='lat' dir='ltr'>lepore</span> <span class='ocrx_word' id='word_1_222' title='bbox 965 2447 1108 2520; x_wconf 87' lang='lat' dir='ltr'>imponat.</span> <span class='ocrx_word' id='word_1_223' title='bbox 1121 2452 1149 2498; x_wconf 75' lang='lat'>25</span> <span class='ocrx_word' id='word_1_224' title='bbox 1205 2470 1207 2475; x_wconf 95' lang='lat'>·</span> 
     </span>
     <span class='ocr_line' id='line_1_27' title="bbox 90 2533 1109 2611; baseline 0.002 -19"><span class='ocrx_word' id='word_1_225' title='bbox 90 2533 193 2594; x_wconf 88' lang='lat' dir='ltr'>Homo</span> <span class='ocrx_word' id='word_1_226' title='bbox 216 2538 324 2611; x_wconf 89' lang='lat' dir='ltr'>autem,</span> <span class='ocrx_word' id='word_1_227' title='bbox 356 2536 381 2594; x_wconf 89' lang='lat' dir='ltr'>si</span> <span class='ocrx_word' id='word_1_228' title='bbox 407 2554 523 2594; x_wconf 90' lang='lat' dir='ltr'>necesse</span> <span class='ocrx_word' id='word_1_229' title='bbox 545 2535 644 2610; x_wconf 82' lang='lat' dir='ltr'>fuerit,</span> <span class='ocrx_word' id='word_1_230' title='bbox 667 2554 685 2592; x_wconf 92' lang='lat' dir='ltr'>a</span> <span class='ocrx_word' id='word_1_231' title='bbox 708 2535 883 2593; x_wconf 88' lang='lat' dir='ltr'>duodecimo</span> <span class='ocrx_word' id='word_1_232' title='bbox 907 2554 982 2594; x_wconf 89' lang='lat' dir='ltr'>anno</span> <span class='ocrx_word' id='word_1_233' title='bbox 1005 2536 1109 2594; x_wconf 85' lang='lat' dir='ltr'>aetatis</span> 
     </span>
     <span class='ocr_line' id='line_1_28' title="bbox 91 2623 1109 2701; baseline 0 -18"><span class='ocrx_word' id='word_1_234' title='bbox 91 2641 165 2683; x_wconf 85' lang='lat' dir='ltr'>suae</span> <span class='ocrx_word' id='word_1_235' title='bbox 189 2626 339 2684; x_wconf 87' lang='lat' dir='ltr'>cocturam</span> <span class='ocrx_word' id='word_1_236' title='bbox 362 2624 457 2683; x_wconf 89' lang='lat' dir='ltr'>facere</span> <span class='ocrx_word' id='word_1_237' title='bbox 480 2627 579 2699; x_wconf 88' lang='lat' dir='ltr'>potest</span> <span class='ocrx_word' id='word_1_238' title='bbox 600 2643 695 2701; x_wconf 88' lang='lat' dir='ltr'>usqne</span> <span class='ocrx_word' id='word_1_239' title='bbox 710 2623 747 2682; x_wconf 85' lang='lat' dir='ltr'>ad</span> <span class='ocrx_word' id='word_1_240' title='bbox 762 2624 976 2701; x_wconf 87' lang='lat' dir='ltr'>sexagesimum</span> <span class='ocrx_word' id='word_1_241' title='bbox 998 2643 1109 2683; x_wconf 88' lang='lat' dir='ltr'>annum</span> 
     </span>
     <span class='ocr_line' id='line_1_29' title="bbox 91 2713 1108 2792; baseline 0.001 -20"><span class='ocrx_word' id='word_1_242' title='bbox 91 2714 202 2772; x_wconf 86' lang='lat' dir='ltr'>aetatis</span> <span class='ocrx_word' id='word_1_243' title='bbox 224 2731 311 2786; x_wconf 83' lang='lat' dir='ltr'>snae3</span> <span class='ocrx_word' id='word_1_244' title='bbox 335 2718 366 2773; x_wconf 92' lang='lat' dir='ltr'>et</span> <span class='ocrx_word' id='word_1_245' title='bbox 380 2717 482 2790; x_wconf 89' lang='lat' dir='ltr'>postea</span> <span class='ocrx_word' id='word_1_246' title='bbox 497 2714 580 2771; x_wconf 89' lang='lat' dir='ltr'>illam</span> <span class='ocrx_word' id='word_1_247' title='bbox 595 2732 653 2772; x_wconf 92' lang='lat' dir='ltr'>non</span> <span class='ocrx_word' id='word_1_248' title='bbox 669 2713 783 2782; x_wconf 86' lang='lat' dir='ltr'>habeat,</span> <span class='ocrx_word' id='word_1_249' title='bbox 807 2714 878 2789; x_wconf 89' lang='lat' dir='ltr'>quia</span> <span class='ocrx_word' id='word_1_250' title='bbox 894 2714 998 2774; x_wconf 91' lang='lat' dir='ltr'>deinde</span> <span class='ocrx_word' id='word_1_251' title='bbox 1013 2715 1108 2792; x_wconf 88' lang='lat' dir='ltr'>magis</span> 
     </span>
     <span class='ocr_line' id='line_1_30' title="bbox 90 2802 1107 2880; baseline 0.005 -20"><span class='ocrx_word' id='word_1_252' title='bbox 90 2819 162 2860; x_wconf 89' lang='lat' dir='ltr'>eum</span> <span class='ocrx_word' id='word_1_253' title='bbox 184 2802 283 2876; x_wconf 88' lang='lat' dir='ltr'>laedit,</span> <span class='ocrx_word' id='word_1_254' title='bbox 307 2823 396 2879; x_wconf 89' lang='lat' dir='ltr'>quam</span> <span class='ocrx_word' id='word_1_255' title='bbox 419 2802 446 2862; x_wconf 92' lang='lat' dir='ltr'>ei</span> <span class='ocrx_word' id='word_1_256' title='bbox 468 2803 623 2862; x_wconf 86' lang='lat' dir='ltr'>sanitatem</span> <span class='ocrx_word' id='word_1_257' title='bbox 647 2803 786 2878; x_wconf 85' lang='lat' dir='ltr'>conferat,</span> <span class='ocrx_word' id='word_1_258' title='bbox 809 2803 865 2863; x_wconf 88' lang='lat' dir='ltr'>nisi</span> <span class='ocrx_word' id='word_1_259' title='bbox 887 2823 995 2880; x_wconf 89' lang='lat' dir='ltr'>magna</span> <span class='ocrx_word' id='word_1_260' title='bbox 1009 2823 1107 2864; x_wconf 89' lang='lat' dir='ltr'>neces·</span> 
     </span>
     <span class='ocr_line' id='line_1_31' title="bbox 92 2891 1148 2969; baseline 0.003 -19"><span class='ocrx_word' id='word_1_261' title='bbox 92 2891 167 2950; x_wconf 84' lang='lat' dir='ltr'>sitas</span> <span class='ocrx_word' id='word_1_262' title='bbox 190 2892 371 2952; x_wconf 86' lang='lat' dir='ltr'>infirmitatis</span> <span class='ocrx_word' id='word_1_263' title='bbox 394 2912 462 2951; x_wconf 91' lang='lat' dir='ltr'>eum</span> <span class='ocrx_word' id='word_1_264' title='bbox 489 2892 570 2950; x_wconf 90' lang='lat' dir='ltr'>illam</span> <span class='ocrx_word' id='word_1_265' title='bbox 598 2891 704 2951; x_wconf 90' lang='lat' dir='ltr'>habere</span> <span class='ocrx_word' id='word_1_266' title='bbox 732 2897 829 2969; x_wconf 86' lang='lat' dir='ltr'>cogat.</span> <span class='ocrx_word' id='word_1_267' title='bbox 875 2893 933 2962; x_wconf 79' lang='lat' dir='ltr'>Qui</span> <span class='ocrx_word' id='word_1_268' title='bbox 954 2897 1053 2952; x_wconf 89' lang='lat' dir='ltr'>autem</span> <span class='ocrx_word' id='word_1_269' title='bbox 1076 2895 1148 2953; x_wconf 72' lang='lat' dir='ltr'>inu</span> 
     </span>
     <span class='ocr_line' id='line_1_32' title="bbox 84 2981 1107 3056; baseline 0.002 -16"><span class='ocrx_word' id='word_1_270' title='bbox 84 2981 188 3040; x_wconf 75' lang='lat' dir='ltr'>&#39;oculis</span> <span class='ocrx_word' id='word_1_271' title='bbox 211 2986 265 3040; x_wconf 90' lang='lat' dir='ltr'>aut</span> <span class='ocrx_word' id='word_1_272' title='bbox 287 2982 319 3040; x_wconf 91' lang='lat' dir='ltr'>in</span> <span class='ocrx_word' id='word_1_273' title='bbox 341 2981 463 3041; x_wconf 89' lang='lat' dir='ltr'>auribus</span> <span class='ocrx_word' id='word_1_274' title='bbox 483 2983 536 3040; x_wconf 88' lang='lat' dir='ltr'>aut</span> <span class='ocrx_word' id='word_1_275' title='bbox 551 2981 582 3039; x_wconf 89' lang='lat' dir='ltr'>in</span> <span class='ocrx_word' id='word_1_276' title='bbox 597 2983 662 3040; x_wconf 91' lang='lat' dir='ltr'>toto</span> <span class='ocrx_word' id='word_1_277' title='bbox 686 2981 782 3056; x_wconf 88' lang='lat' dir='ltr'>capite</span> <span class='ocrx_word' id='word_1_278' title='bbox 805 2981 894 3055; x_wconf 90' lang='lat' dir='ltr'>dolet,</span> <span class='ocrx_word' id='word_1_279' title='bbox 917 2985 998 3042; x_wconf 91' lang='lat' dir='ltr'>retro</span> <span class='ocrx_word' id='word_1_280' title='bbox 1021 3001 1107 3042; x_wconf 89' lang='lat' dir='ltr'>aures</span> 
     </span>
     <span class='ocr_line' id='line_1_33' title="bbox 89 3069 1106 3148; baseline 0.001 -19"><span class='ocrx_word' id='word_1_281' title='bbox 89 3069 207 3130; x_wconf 89' lang='lat' dir='ltr'>modice</span> <span class='ocrx_word' id='word_1_282' title='bbox 229 3074 336 3130; x_wconf 85' lang='lat' dir='ltr'>uratur</span> <span class='ocrx_word' id='word_1_283' title='bbox 358 3071 442 3130; x_wconf 89' lang='lat' dir='ltr'>nullo</span> <span class='ocrx_word' id='word_1_284' title='bbox 465 3071 606 3147; x_wconf 84' lang='lat' dir='ltr'>ligamine</span> <span class='ocrx_word' id='word_1_285' title='bbox 629 3071 671 3129; x_wconf 91' lang='lat' dir='ltr'>ibi</span> <span class='ocrx_word' id='word_1_286' title='bbox 693 3074 792 3147; x_wconf 86' lang='lat' dir='ltr'>utens,</span> <span class='ocrx_word' id='word_1_287' title='bbox 823 3072 928 3148; x_wconf 89' lang='lat' dir='ltr'>etqui</span> <span class='ocrx_word' id='word_1_288' title='bbox 958 3072 989 3129; x_wconf 93' lang='lat' dir='ltr'>in</span> <span class='ocrx_word' id='word_1_289' title='bbox 1019 3072 1106 3130; x_wconf 88' lang='lat' dir='ltr'>dorso</span> 
     </span>
     <span class='ocr_line' id='line_1_34' title="bbox 89 3159 1107 3236; baseline 0 -18"><span class='ocrx_word' id='word_1_290' title='bbox 89 3159 182 3234; x_wconf 89' lang='lat' dir='ltr'>dolet,</span> <span class='ocrx_word' id='word_1_291' title='bbox 213 3160 291 3219; x_wconf 91' lang='lat' dir='ltr'>inter</span> <span class='ocrx_word' id='word_1_292' title='bbox 322 3160 457 3235; x_wconf 88' lang='lat' dir='ltr'>scapulas</span> <span class='ocrx_word' id='word_1_293' title='bbox 479 3160 724 3219; x_wconf 85' lang='lat' dir='ltr'>modiceuratur</span> <span class='ocrx_word' id='word_1_294' title='bbox 746 3161 852 3219; x_wconf 89' lang='lat' dir='ltr'>autin</span> <span class='ocrx_word' id='word_1_295' title='bbox 883 3159 1020 3236; x_wconf 87' lang='lat' dir='ltr'>brachiis,</span> <span class='ocrx_word' id='word_1_296' title='bbox 1054 3159 1107 3219; x_wconf 91' lang='lat' dir='ltr'>ubi</span> 
     </span>
     <span class='ocr_line' id='line_1_35' title="bbox 87 3248 1105 3326; baseline 0 -19"><span class='ocrx_word' id='word_1_297' title='bbox 87 3249 221 3326; x_wconf 85' lang='lat' dir='ltr'>ligamen</span> <span class='ocrx_word' id='word_1_298' title='bbox 243 3249 350 3308; x_wconf 88' lang='lat' dir='ltr'>habere</span> <span class='ocrx_word' id='word_1_299' title='bbox 373 3250 475 3326; x_wconf 89' lang='lat' dir='ltr'>possit,</span> <span class='ocrx_word' id='word_1_300' title='bbox 499 3252 658 3326; x_wconf 75' lang='lat' dir='ltr'>coquatur,</span> <span class='ocrx_word' id='word_1_301' title='bbox 690 3252 720 3308; x_wconf 94' lang='lat' dir='ltr'>et</span> <span class='ocrx_word' id='word_1_302' title='bbox 743 3250 844 3325; x_wconf 89' lang='lat' dir='ltr'>quiin</span> <span class='ocrx_word' id='word_1_303' title='bbox 867 3250 926 3308; x_wconf 92' lang='lat' dir='ltr'>iliis</span> <span class='ocrx_word' id='word_1_304' title='bbox 949 3249 1042 3320; x_wconf 87' lang='lat' dir='ltr'>delet,</span> <span class='ocrx_word' id='word_1_305' title='bbox 1074 3248 1105 3306; x_wconf 94' lang='lat' dir='ltr'>in</span> 
     </span>
     <span class='ocr_line' id='line_1_36' title="bbox 87 3337 1146 3415; baseline -0.004 -19"><span class='ocrx_word' id='word_1_306' title='bbox 87 3337 148 3396; x_wconf 86' lang='lat' dir='ltr'>fine</span> <span class='ocrx_word' id='word_1_307' title='bbox 171 3338 243 3397; x_wconf 86' lang='lat' dir='ltr'>ossis</span> <span class='ocrx_word' id='word_1_308' title='bbox 265 3339 347 3398; x_wconf 88' lang='lat' dir='ltr'>illius</span> <span class='ocrx_word' id='word_1_309' title='bbox 371 3341 401 3397; x_wconf 92' lang='lat' dir='ltr'>et</span> <span class='ocrx_word' id='word_1_310' title='bbox 423 3339 505 3398; x_wconf 90' lang='lat' dir='ltr'>dorsi</span> <span class='ocrx_word' id='word_1_311' title='bbox 527 3342 643 3410; x_wconf 87' lang='lat' dir='ltr'>uratur,</span> <span class='ocrx_word' id='word_1_312' title='bbox 667 3341 697 3398; x_wconf 92' lang='lat' dir='ltr'>et</span> <span class='ocrx_word' id='word_1_313' title='bbox 719 3339 771 3415; x_wconf 90' lang='lat' dir='ltr'>qui</span> <span class='ocrx_word' id='word_1_314' title='bbox 794 3339 905 3397; x_wconf 90' lang='lat' dir='ltr'>multos</span> <span class='ocrx_word' id='word_1_315' title='bbox 920 3337 1059 3396; x_wconf 88' lang='lat' dir='ltr'>humores</span> <span class='ocrx_word' id='word_1_316' title='bbox 1074 3338 1146 3395; x_wconf 71' lang='lat' dir='ltr'>inat</span> 
     </span>
     <span class='ocr_line' id='line_1_37' title="bbox 85 3428 1105 3503; baseline -0.001 -17"><span class='ocrx_word' id='word_1_317' title='bbox 85 3430 154 3486; x_wconf 91' lang='lat' dir='ltr'>toto</span> <span class='ocrx_word' id='word_1_318' title='bbox 185 3445 309 3503; x_wconf 90' lang='lat' dir='ltr'>corpore</span> <span class='ocrx_word' id='word_1_319' title='bbox 337 3429 434 3501; x_wconf 88' lang='lat' dir='ltr'>habet,</span> <span class='ocrx_word' id='word_1_320' title='bbox 465 3430 544 3487; x_wconf 89' lang='lat' dir='ltr'>inter</span> <span class='ocrx_word' id='word_1_321' title='bbox 575 3428 679 3487; x_wconf 91' lang='lat' dir='ltr'>tibiam</span> <span class='ocrx_word' id='word_1_322' title='bbox 702 3429 732 3486; x_wconf 88' lang='lat' dir='ltr'>et</span> <span class='ocrx_word' id='word_1_323' title='bbox 754 3446 853 3487; x_wconf 90' lang='lat' dir='ltr'>suram</span> <span class='ocrx_word' id='word_1_324' title='bbox 876 3430 943 3486; x_wconf 85' lang='lat' dir='ltr'>ante</span> <span class='ocrx_word' id='word_1_325' title='bbox 966 3428 997 3485; x_wconf 87' lang='lat' dir='ltr'>in</span> <span class='ocrx_word' id='word_1_326' title='bbox 1020 3445 1105 3486; x_wconf 89' lang='lat' dir='ltr'>crure</span> 
     </span>
     <span class='ocr_line' id='line_1_38' title="bbox 88 3516 1107 3595; baseline -0.003 -19"><span class='ocrx_word' id='word_1_327' title='bbox 88 3519 237 3592; x_wconf 89' lang='lat' dir='ltr'>coquatur</span> <span class='ocrx_word' id='word_1_328' title='bbox 260 3521 290 3578; x_wconf 91' lang='lat' dir='ltr'>et</span> <span class='ocrx_word' id='word_1_329' title='bbox 312 3518 355 3577; x_wconf 90' lang='lat' dir='ltr'>ibi</span> <span class='ocrx_word' id='word_1_330' title='bbox 377 3518 507 3595; x_wconf 89' lang='lat' dir='ltr'>ligamen</span> <span class='ocrx_word' id='word_1_331' title='bbox 529 3517 645 3578; x_wconf 86' lang='lat' dir='ltr'>babeat.</span> <span class='ocrx_word' id='word_1_332' title='bbox 690 3517 729 3576; x_wconf 84' lang='lat' dir='ltr'>Et</span> <span class='ocrx_word' id='word_1_333' title='bbox 759 3517 838 3576; x_wconf 87' lang='lat' dir='ltr'>sicut</span> <span class='ocrx_word' id='word_1_334' title='bbox 862 3517 926 3589; x_wconf 91' lang='lat' dir='ltr'>ille,</span> <span class='ocrx_word' id='word_1_335' title='bbox 956 3516 1014 3592; x_wconf 78' lang='lat' dir='ltr'>opi</span> <span class='ocrx_word' id='word_1_336' title='bbox 1039 3534 1107 3574; x_wconf 79' lang='lat' dir='ltr'>san-</span> 
     </span>
    </p>
   </div>
   <div class='ocr_carea' id='block_1_4' title="bbox 140 3618 1003 3678">
    <p class='ocr_par' dir='ltr' id='par_1_4' title="bbox 140 3618 1003 3678">
     <span class='ocr_line' id='line_1_39' title="bbox 140 3618 1003 3678; baseline 0.016 -10"><span class='ocrx_word' id='word_1_337' title='bbox 140 3625 295 3678; x_wconf 75' lang='lat' dir='ltr'>Hlldegardia</span> <span class='ocrx_word' id='word_1_338' title='bbox 307 3637 395 3672; x_wconf 82' lang='lat' dir='ltr'>causae</span> <span class='ocrx_word' id='word_1_339' title='bbox 408 3629 434 3672; x_wconf 87' lang='lat' dir='ltr'>et</span> <span class='ocrx_word' id='word_1_340' title='bbox 448 3639 523 3674; x_wconf 85' lang='lat' dir='ltr'>curae</span> <span class='ocrx_word' id='word_1_341' title='bbox 536 3629 575 3676; x_wconf 89' lang='lat' dir='ltr'>ed.</span> <span class='ocrx_word' id='word_1_342' title='bbox 591 3629 714 3677; x_wconf 80' lang='lat' dir='ltr'>Kaisar.</span> <span class='ocrx_word' id='word_1_343' title='bbox 982 3618 1003 3673; x_wconf 40' lang='grc' dir='ltr'>ἵ</span> 
     </span>
    </p>
   </div>
   <div class='ocr_carea' id='block_1_5' title="bbox 0 0 1234 3862">
    <p class='ocr_par' dir='ltr' id='par_1_5' title="bbox 0 0 1234 3862">
     <span class='ocr_line' id='line_1_40' title="bbox 0 0 1234 3862; baseline 0 0"><span class='ocrx_word' id='word_1_344' title='bbox 0 0 1234 3862; x_wconf 95' lang='lat' dir='ltr'> </span> 
     </span>
    </p>
   </div>
  </div>
 </body>
</html>
