<?xml version="1.0" encoding="UTF-8"?>
<!DOCTYPE html PUBLIC "-//W3C//DTD XHTML 1.0 Transitional//EN"
    "http://www.w3.org/TR/xhtml1/DTD/xhtml1-transitional.dtd">
<html xmlns="http://www.w3.org/1999/xhtml" xml:lang="en" lang="en">
 <head>
  <title>
</title>
<meta http-equiv="Content-Type" content="text/html;charset=utf-8" />
  <meta name='ocr-system' content='tesseract 3.04.00' />
  <meta name='ocr-capabilities' content='ocr_page ocr_carea ocr_par ocr_line ocrx_word'/>
</head>
<body>
  <div class='ocr_page' id='page_1' title='image "./hildegardiscaus01hildgoog_0094.png"; bbox 0 0 2460 3862; ppageno 0'>
   <div class='ocr_carea' id='block_1_1' title="bbox 326 121 1083 188">
    <p class='ocr_par' dir='ltr' id='par_1_1' title="bbox 326 121 1083 188">
     <span class='ocr_line' id='line_1_1' title="bbox 326 121 1083 188; baseline -0.004 -10"><span class='ocrx_word' id='word_1_1' title='bbox 326 121 469 178; x_wconf 79' lang='lat' dir='ltr'>CAUSAE</span> <span class='ocrx_word' id='word_1_2' title='bbox 489 122 536 177; x_wconf 83' lang='grc' dir='ltr'>ΕΤ</span> <span class='ocrx_word' id='word_1_3' title='bbox 555 121 676 178; x_wconf 78' lang='lat' dir='ltr'><strong>CURAE</strong></span> <span class='ocrx_word' id='word_1_4' title='bbox 696 123 762 177; x_wconf 89' lang='lat' dir='ltr'><strong>LIB.</strong></span> <span class='ocrx_word' id='word_1_5' title='bbox 781 122 819 176; x_wconf 92' lang='lat' dir='ltr'>Il.</span> <span class='ocrx_word' id='word_1_6' title='bbox 1042 129 1083 188; x_wconf 85' lang='lat'>83</span> 
     </span>
    </p>
   </div>
   <div class='ocr_carea' id='block_1_2' title="bbox 56 306 1163 3596">
    <p class='ocr_par' dir='ltr' id='par_1_2' title="bbox 56 306 1163 2611">
     <span class='ocr_line' id='line_1_2' title="bbox 56 306 1129 384; baseline 0.001 -19"><span class='ocrx_word' id='word_1_7' title='bbox 56 306 156 366; x_wconf 90' lang='lat' dir='ltr'>bonae</span> <span class='ocrx_word' id='word_1_8' title='bbox 179 311 209 365; x_wconf 91' lang='lat' dir='ltr'>et</span> <span class='ocrx_word' id='word_1_9' title='bbox 232 309 349 366; x_wconf 88' lang='lat' dir='ltr'>sanetae</span> <span class='ocrx_word' id='word_1_10' title='bbox 373 310 454 381; x_wconf 91' lang='lat' dir='ltr'>sunt,</span> <span class='ocrx_word' id='word_1_11' title='bbox 485 306 582 383; x_wconf 87' lang='lat' dir='ltr'>gratia</span> <span class='ocrx_word' id='word_1_12' title='bbox 610 306 657 366; x_wconf 90' lang='lat' dir='ltr'>dei</span> <span class='ocrx_word' id='word_1_13' title='bbox 687 306 734 365; x_wconf 87' lang='lat' dir='ltr'>illi</span> <span class='ocrx_word' id='word_1_14' title='bbox 764 325 851 384; x_wconf 90' lang='lat' dir='ltr'>saepe</span> <span class='ocrx_word' id='word_1_15' title='bbox 882 325 952 366; x_wconf 90' lang='lat' dir='ltr'>vera</span> <span class='ocrx_word' id='word_1_16' title='bbox 978 307 1010 366; x_wconf 91' lang='lat' dir='ltr'>in</span> <span class='ocrx_word' id='word_1_17' title='bbox 1041 307 1084 366; x_wconf 88' lang='lat' dir='ltr'>eis</span> <span class='ocrx_word' id='word_1_18' title='bbox 1121 313 1129 322; x_wconf 74' lang='grc'><strong>“</strong></span> 
     </span>
     <span class='ocr_line' id='line_1_3' title="bbox 58 395 1084 471; baseline 0.001 -17"><span class='ocrx_word' id='word_1_19' title='bbox 58 395 207 468; x_wconf 84' lang='grc' dir='ltr'>ο1111111;</span> <span class='ocrx_word' id='word_1_20' title='bbox 231 396 256 455; x_wconf 91' lang='grc'>11</span> <span class='ocrx_word' id='word_1_21' title='bbox 280 398 382 454; x_wconf 90' lang='lat' dir='ltr'>autem</span> <span class='ocrx_word' id='word_1_22' title='bbox 403 414 495 454; x_wconf 88' lang='lat' dir='ltr'>vanae</span> <span class='ocrx_word' id='word_1_23' title='bbox 511 398 589 471; x_wconf 90' lang='lat' dir='ltr'>sunt,</span> <span class='ocrx_word' id='word_1_24' title='bbox 613 395 749 455; x_wconf 87' lang='lat' dir='ltr'>diabolus</span> <span class='ocrx_word' id='word_1_25' title='bbox 764 395 822 455; x_wconf 93' lang='lat' dir='ltr'>hoc</span> <span class='ocrx_word' id='word_1_26' title='bbox 836 395 939 456; x_wconf 87' lang='lat' dir='ltr'>videns</span> <span class='ocrx_word' id='word_1_27' title='bbox 955 395 1084 455; x_wconf 92' lang='lat' dir='ltr'>animam</span> 
     </span>
     <span class='ocr_line' id='line_1_4' title="bbox 56 484 1084 563; baseline 0.002 -20"><span class='ocrx_word' id='word_1_28' title='bbox 56 485 191 544; x_wconf 90' lang='lat' dir='ltr'>hominis</span> <span class='ocrx_word' id='word_1_29' title='bbox 214 485 297 544; x_wconf 93' lang='lat' dir='ltr'>illius</span> <span class='ocrx_word' id='word_1_30' title='bbox 322 484 495 544; x_wconf 73' lang='lat' dir='ltr'>multotiens</span> <span class='ocrx_word' id='word_1_31' title='bbox 518 489 590 544; x_wconf 88' lang='lat' dir='ltr'>tunc</span> <span class='ocrx_word' id='word_1_32' title='bbox 613 488 708 545; x_wconf 88' lang='lat' dir='ltr'>terret</span> <span class='ocrx_word' id='word_1_33' title='bbox 726 490 756 544; x_wconf 91' lang='lat' dir='ltr'>et</span> <span class='ocrx_word' id='word_1_34' title='bbox 770 485 922 545; x_wconf 91' lang='lat' dir='ltr'>mendacia</span> <span class='ocrx_word' id='word_1_35' title='bbox 937 503 990 544; x_wconf 91' lang='lat' dir='ltr'>sua</span> <span class='ocrx_word' id='word_1_36' title='bbox 1006 485 1084 563; x_wconf 87' lang='lat' dir='ltr'>eogi-</span> 
     </span>
     <span class='ocr_line' id='line_1_5' title="bbox 58 573 1084 634; baseline 0.002 -2"><span class='ocrx_word' id='word_1_37' title='bbox 58 573 226 634; x_wconf 88' lang='lat' dir='ltr'>tationibus</span> <span class='ocrx_word' id='word_1_38' title='bbox 257 574 315 633; x_wconf 89' lang='lat' dir='ltr'>illis</span> <span class='ocrx_word' id='word_1_39' title='bbox 342 574 532 634; x_wconf 78' lang='lat' dir='ltr'>intermiscet.</span> <span class='ocrx_word' id='word_1_40' title='bbox 579 573 636 633; x_wconf 85' lang='lat' dir='ltr'>Sed</span> <span class='ocrx_word' id='word_1_41' title='bbox 663 573 752 633; x_wconf 91' lang='lat' dir='ltr'>etde</span> <span class='ocrx_word' id='word_1_42' title='bbox 780 575 887 634; x_wconf 90' lang='lat' dir='ltr'>sanctis</span> <span class='ocrx_word' id='word_1_43' title='bbox 914 574 1084 634; x_wconf 88' lang='lat' dir='ltr'>hominibus</span> 
     </span>
     <span class='ocr_line' id='line_1_6' title="bbox 58 662 1125 739; baseline 0.001 -17"><span class='ocrx_word' id='word_1_44' title='bbox 58 663 165 739; x_wconf 88' lang='lat' dir='ltr'>turpia</span> <span class='ocrx_word' id='word_1_45' title='bbox 186 681 272 738; x_wconf 92' lang='lat' dir='ltr'>saepe</span> <span class='ocrx_word' id='word_1_46' title='bbox 298 663 329 721; x_wconf 91' lang='lat' dir='ltr'>in</span> <span class='ocrx_word' id='word_1_47' title='bbox 344 662 483 722; x_wconf 80' lang='lat' dir='ltr'>irrisione</span> <span class='ocrx_word' id='word_1_48' title='bbox 498 681 551 722; x_wconf 89' lang='lat' dir='ltr'>sua</span> <span class='ocrx_word' id='word_1_49' title='bbox 567 663 759 724; x_wconf 89' lang='lat' dir='ltr'>demonstrat.</span> <span class='ocrx_word' id='word_1_50' title='bbox 796 662 871 723; x_wconf 85' lang='lat' dir='ltr'>Oum</span> <span class='ocrx_word' id='word_1_51' title='bbox 894 663 971 721; x_wconf 90' lang='lat' dir='ltr'>enim</span> <span class='ocrx_word' id='word_1_52' title='bbox 995 662 1083 723; x_wconf 92' lang='lat' dir='ltr'>homo</span> <span class='ocrx_word' id='word_1_53' title='bbox 1111 673 1125 716; x_wconf 83' lang='lat'>5</span> 
     </span>
     <span class='ocr_line' id='line_1_7' title="bbox 60 751 1085 830; baseline 0.001 -19"><span class='ocrx_word' id='word_1_54' title='bbox 60 756 115 811; x_wconf 90' lang='lat' dir='ltr'>aut</span> <span class='ocrx_word' id='word_1_55' title='bbox 153 752 254 827; x_wconf 89' lang='lat' dir='ltr'>inepta</span> <span class='ocrx_word' id='word_1_56' title='bbox 288 751 402 811; x_wconf 85' lang='lat' dir='ltr'>laetitia</span> <span class='ocrx_word' id='word_1_57' title='bbox 437 754 490 811; x_wconf 91' lang='lat' dir='ltr'>aut</span> <span class='ocrx_word' id='word_1_58' title='bbox 525 752 650 811; x_wconf 74' lang='lat' dir='ltr'>tristitia</span> <span class='ocrx_word' id='word_1_59' title='bbox 684 756 738 812; x_wconf 92' lang='lat' dir='ltr'>aut</span> <span class='ocrx_word' id='word_1_60' title='bbox 770 753 815 811; x_wconf 89' lang='lat' dir='ltr'>ira</span> <span class='ocrx_word' id='word_1_61' title='bbox 851 754 904 810; x_wconf 88' lang='lat' dir='ltr'>aut</span> <span class='ocrx_word' id='word_1_62' title='bbox 939 753 1085 830; x_wconf 83' lang='lat' dir='ltr'>augustiis</span> 
     </span>
     <span class='ocr_line' id='line_1_8' title="bbox 60 840 1085 901; baseline 0 -1"><span class='ocrx_word' id='word_1_63' title='bbox 60 845 116 900; x_wconf 89' lang='lat' dir='ltr'>aut</span> <span class='ocrx_word' id='word_1_64' title='bbox 154 840 314 900; x_wconf 75' lang='lat' dir='ltr'>ambitione</span> <span class='ocrx_word' id='word_1_65' title='bbox 356 840 527 900; x_wconf 89' lang='lat' dir='ltr'>dominandi</span> <span class='ocrx_word' id='word_1_66' title='bbox 571 845 625 901; x_wconf 91' lang='lat' dir='ltr'>aut</span> <span class='ocrx_word' id='word_1_67' title='bbox 667 841 732 901; x_wconf 89' lang='lat' dir='ltr'>aliis</span> <span class='ocrx_word' id='word_1_68' title='bbox 775 840 947 900; x_wconf 90' lang='lat' dir='ltr'>huiusmodi</span> <span class='ocrx_word' id='word_1_69' title='bbox 990 843 1085 901; x_wconf 86' lang='grc'>1111111</span> 
     </span>
     <span class='ocr_line' id='line_1_9' title="bbox 60 929 1085 1006; baseline -0.001 -17"><span class='ocrx_word' id='word_1_70' title='bbox 60 932 93 989; x_wconf 93' lang='lat' dir='ltr'>in</span> <span class='ocrx_word' id='word_1_71' title='bbox 122 931 221 989; x_wconf 89' lang='lat' dir='ltr'>animo</span> <span class='ocrx_word' id='word_1_72' title='bbox 248 933 411 1006; x_wconf 89' lang='lat' dir='ltr'>occupatus</span> <span class='ocrx_word' id='word_1_73' title='bbox 439 929 603 1002; x_wconf 75' lang='lat' dir='ltr'>obdormit,</span> <span class='ocrx_word' id='word_1_74' title='bbox 635 930 691 990; x_wconf 90' lang='lat' dir='ltr'>hoc</span> <span class='ocrx_word' id='word_1_75' title='bbox 723 931 749 989; x_wconf 94' lang='lat' dir='ltr'>ei</span> <span class='ocrx_word' id='word_1_76' title='bbox 781 929 916 989; x_wconf 90' lang='lat' dir='ltr'>diabolus</span> <span class='ocrx_word' id='word_1_77' title='bbox 947 930 1085 990; x_wconf 90' lang='lat' dir='ltr'>illusione</span> 
     </span>
     <span class='ocr_line' id='line_1_10' title="bbox 60 1019 1084 1100; baseline -0.002 -21"><span class='ocrx_word' id='word_1_78' title='bbox 60 1039 116 1079; x_wconf 88' lang='lat' dir='ltr'>sua</span> <span class='ocrx_word' id='word_1_79' title='bbox 162 1020 335 1079; x_wconf 79' lang='lat' dir='ltr'>multotiens</span> <span class='ocrx_word' id='word_1_80' title='bbox 384 1019 415 1077; x_wconf 90' lang='lat' dir='ltr'>in</span> <span class='ocrx_word' id='word_1_81' title='bbox 461 1021 571 1079; x_wconf 90' lang='lat' dir='ltr'>somnis</span> <span class='ocrx_word' id='word_1_82' title='bbox 612 1021 771 1096; x_wconf 83' lang='lat' dir='ltr'>proponit,</span> <span class='ocrx_word' id='word_1_83' title='bbox 824 1019 967 1100; x_wconf 91' lang='lat' dir='ltr'>quoniam</span> <span class='ocrx_word' id='word_1_84' title='bbox 1017 1038 1084 1078; x_wconf 90' lang='lat' dir='ltr'>cum</span> 
     </span>
     <span class='ocr_line' id='line_1_11' title="bbox 60 1108 1125 1186; baseline -0.008 -17"><span class='ocrx_word' id='word_1_85' title='bbox 60 1108 215 1186; x_wconf 82' lang='lat' dir='ltr'>vigilaret,</span> <span class='ocrx_word' id='word_1_86' title='bbox 247 1127 281 1167; x_wconf 89' lang='lat' dir='ltr'>ea</span> <span class='ocrx_word' id='word_1_87' title='bbox 314 1109 345 1167; x_wconf 92' lang='lat' dir='ltr'>in</span> <span class='ocrx_word' id='word_1_88' title='bbox 377 1108 441 1183; x_wconf 88' lang='lat' dir='ltr'>ipso</span> <span class='ocrx_word' id='word_1_89' title='bbox 472 1109 558 1174; x_wconf 90' lang='lat' dir='ltr'>vidit.</span> <span class='ocrx_word' id='word_1_90' title='bbox 603 1108 660 1167; x_wconf 83' lang='lat' dir='ltr'>Sed</span> <span class='ocrx_word' id='word_1_91' title='bbox 688 1112 718 1168; x_wconf 89' lang='lat' dir='ltr'>et</span> <span class='ocrx_word' id='word_1_92' title='bbox 745 1127 813 1168; x_wconf 89' lang='lat' dir='ltr'>cum</span> <span class='ocrx_word' id='word_1_93' title='bbox 835 1109 867 1168; x_wconf 92' lang='lat' dir='ltr'>iu</span> <span class='ocrx_word' id='word_1_94' title='bbox 890 1108 1084 1168; x_wconf 78' lang='lat' dir='ltr'>delectatione</span> <span class='ocrx_word' id='word_1_95' title='bbox 1099 1118 1125 1162; x_wconf 90' lang='lat' dir='ltr'>lo</span> 
     </span>
     <span class='ocr_line' id='line_1_12' title="bbox 62 1196 1085 1269; baseline -0.001 -12"><span class='ocrx_word' id='word_1_96' title='bbox 62 1198 158 1257; x_wconf 89' lang='lat' dir='ltr'>carnis</span> <span class='ocrx_word' id='word_1_97' title='bbox 192 1197 344 1257; x_wconf 89' lang='lat' dir='ltr'>interdum</span> <span class='ocrx_word' id='word_1_98' title='bbox 379 1197 542 1269; x_wconf 89' lang='lat' dir='ltr'>obdormit,</span> <span class='ocrx_word' id='word_1_99' title='bbox 576 1196 652 1257; x_wconf 91' lang='lat' dir='ltr'>hano</span> <span class='ocrx_word' id='word_1_100' title='bbox 687 1198 715 1257; x_wconf 89' lang='lat' dir='ltr'>ei</span> <span class='ocrx_word' id='word_1_101' title='bbox 748 1199 838 1258; x_wconf 91' lang='lat' dir='ltr'>etiam</span> <span class='ocrx_word' id='word_1_102' title='bbox 876 1202 907 1257; x_wconf 91' lang='lat' dir='ltr'>et</span> <span class='ocrx_word' id='word_1_103' title='bbox 940 1197 1085 1257; x_wconf 89' lang='lat' dir='ltr'>diabolica</span> 
     </span>
     <span class='ocr_line' id='line_1_13' title="bbox 61 1286 1085 1364; baseline -0.002 -18"><span class='ocrx_word' id='word_1_104' title='bbox 61 1287 165 1346; x_wconf 91' lang='lat' dir='ltr'>illusio</span> <span class='ocrx_word' id='word_1_105' title='bbox 194 1286 346 1346; x_wconf 90' lang='lat' dir='ltr'>interdum</span> <span class='ocrx_word' id='word_1_106' title='bbox 376 1286 480 1358; x_wconf 89' lang='lat' dir='ltr'>obicit,</span> <span class='ocrx_word' id='word_1_107' title='bbox 512 1287 555 1347; x_wconf 90' lang='lat' dir='ltr'>ita</span> <span class='ocrx_word' id='word_1_108' title='bbox 586 1287 664 1362; x_wconf 90' lang='lat' dir='ltr'>quod</span> <span class='ocrx_word' id='word_1_109' title='bbox 695 1287 861 1347; x_wconf 90' lang='lat' dir='ltr'>viventium</span> <span class='ocrx_word' id='word_1_110' title='bbox 896 1306 1019 1364; x_wconf 88' lang='lat' dir='ltr'>corpora</span> <span class='ocrx_word' id='word_1_111' title='bbox 1057 1288 1085 1345; x_wconf 91' lang='grc'>11</span> 
     </span>
     <span class='ocr_line' id='line_1_14' title="bbox 63 1375 1084 1452; baseline -0.001 -17"><span class='ocrx_word' id='word_1_112' title='bbox 63 1375 197 1436; x_wconf 89' lang='lat' dir='ltr'>ostendit</span> <span class='ocrx_word' id='word_1_113' title='bbox 230 1380 260 1435; x_wconf 89' lang='lat' dir='ltr'>et</span> <span class='ocrx_word' id='word_1_114' title='bbox 292 1377 382 1435; x_wconf 88' lang='lat' dir='ltr'>etiam</span> <span class='ocrx_word' id='word_1_115' title='bbox 420 1375 580 1452; x_wconf 88' lang='lat' dir='ltr'>aliquando</span> <span class='ocrx_word' id='word_1_116' title='bbox 619 1395 744 1452; x_wconf 90' lang='lat' dir='ltr'>corpora</span> <span class='ocrx_word' id='word_1_117' title='bbox 776 1380 977 1449; x_wconf 89' lang='lat' dir='ltr'>mortuorum,</span> <span class='ocrx_word' id='word_1_118' title='bbox 1016 1395 1084 1436; x_wconf 88' lang='lat' dir='ltr'>cum</span> 
     </span>
     <span class='ocr_line' id='line_1_15' title="bbox 62 1464 1083 1542; baseline -0.001 -18"><span class='ocrx_word' id='word_1_119' title='bbox 62 1465 173 1542; x_wconf 89' lang='lat' dir='ltr'>quibus</span> <span class='ocrx_word' id='word_1_120' title='bbox 205 1465 363 1541; x_wconf 89' lang='lat' dir='ltr'>aliquando</span> <span class='ocrx_word' id='word_1_121' title='bbox 398 1465 632 1525; x_wconf 78' lang='lat' dir='ltr'>familiaritatem</span> <span class='ocrx_word' id='word_1_122' title='bbox 663 1464 770 1526; x_wconf 88' lang='lat' dir='ltr'>habuit</span> <span class='ocrx_word' id='word_1_123' title='bbox 803 1466 851 1526; x_wconf 92' lang='lat' dir='ltr'>vel</span> <span class='ocrx_word' id='word_1_124' title='bbox 886 1483 960 1541; x_wconf 90' lang='lat' dir='ltr'>quos</span> <span class='ocrx_word' id='word_1_125' title='bbox 995 1466 1083 1525; x_wconf 92' lang='lat' dir='ltr'>etiam</span> 
     </span>
     <span class='ocr_line' id='line_1_16' title="bbox 60 1554 1125 1631; baseline -0.007 -17"><span class='ocrx_word' id='word_1_126' title='bbox 60 1574 226 1630; x_wconf 87' lang='lat' dir='ltr'>numquam</span> <span class='ocrx_word' id='word_1_127' title='bbox 249 1554 454 1630; x_wconf 79' lang='lat' dir='ltr'>corporalibus</span> <span class='ocrx_word' id='word_1_128' title='bbox 476 1556 570 1615; x_wconf 86' lang='lat' dir='ltr'>oeulis</span> <span class='ocrx_word' id='word_1_129' title='bbox 593 1554 678 1630; x_wconf 89' lang='lat' dir='ltr'>vidit,</span> <span class='ocrx_word' id='word_1_130' title='bbox 706 1555 750 1613; x_wconf 93' lang='lat' dir='ltr'>ita</span> <span class='ocrx_word' id='word_1_131' title='bbox 773 1554 854 1631; x_wconf 90' lang='lat' dir='ltr'>quod</span> <span class='ocrx_word' id='word_1_132' title='bbox 877 1554 934 1614; x_wconf 85' lang='lat' dir='ltr'>sibi</span> <span class='ocrx_word' id='word_1_133' title='bbox 956 1554 1083 1630; x_wconf 87' lang='lat' dir='ltr'>videtur,</span> <span class='ocrx_word' id='word_1_134' title='bbox 1098 1563 1125 1608; x_wconf 85' lang='lat'>15</span> 
     </span>
     <span class='ocr_line' id='line_1_17' title="bbox 62 1643 1084 1720; baseline 0 -17"><span class='ocrx_word' id='word_1_135' title='bbox 62 1644 146 1720; x_wconf 92' lang='lat' dir='ltr'>quod</span> <span class='ocrx_word' id='word_1_136' title='bbox 178 1661 245 1702; x_wconf 91' lang='lat' dir='ltr'>eum</span> <span class='ocrx_word' id='word_1_137' title='bbox 276 1644 317 1703; x_wconf 92' lang='lat' dir='ltr'>eis</span> <span class='ocrx_word' id='word_1_138' title='bbox 345 1644 401 1704; x_wconf 93' lang='lat' dir='ltr'>hoc</span> <span class='ocrx_word' id='word_1_139' title='bbox 431 1644 520 1703; x_wconf 89' lang='lat' dir='ltr'>modo</span> <span class='ocrx_word' id='word_1_140' title='bbox 547 1645 579 1702; x_wconf 91' lang='lat' dir='ltr'>in</span> <span class='ocrx_word' id='word_1_141' title='bbox 605 1644 733 1719; x_wconf 88' lang='lat' dir='ltr'>peccatis</span> <span class='ocrx_word' id='word_1_142' title='bbox 762 1647 792 1704; x_wconf 90' lang='lat' dir='ltr'>et</span> <span class='ocrx_word' id='word_1_143' title='bbox 814 1644 845 1702; x_wconf 91' lang='lat' dir='ltr'>in</span> <span class='ocrx_word' id='word_1_144' title='bbox 867 1643 1084 1720; x_wconf 88' lang='lat' dir='ltr'>pollutionibus</span> 
     </span>
     <span class='ocr_line' id='line_1_18' title="bbox 62 1732 1085 1810; baseline 0 -18"><span class='ocrx_word' id='word_1_145' title='bbox 62 1734 242 1808; x_wconf 88' lang='lat' dir='ltr'>delectatur,</span> <span class='ocrx_word' id='word_1_146' title='bbox 266 1733 353 1809; x_wconf 89' lang='lat' dir='ltr'>quasi</span> <span class='ocrx_word' id='word_1_147' title='bbox 375 1733 482 1810; x_wconf 87' lang='lat' dir='ltr'>vigilet</span> <span class='ocrx_word' id='word_1_148' title='bbox 503 1734 551 1793; x_wconf 89' lang='lat' dir='ltr'>vel</span> <span class='ocrx_word' id='word_1_149' title='bbox 574 1734 659 1810; x_wconf 90' lang='lat' dir='ltr'>quasi</span> <span class='ocrx_word' id='word_1_150' title='bbox 681 1733 726 1791; x_wconf 94' lang='lat' dir='ltr'>illi</span> <span class='ocrx_word' id='word_1_151' title='bbox 750 1733 848 1808; x_wconf 87' lang='lat' dir='ltr'>etiarn,</span> <span class='ocrx_word' id='word_1_152' title='bbox 872 1734 925 1809; x_wconf 89' lang='lat' dir='ltr'>qui</span> <span class='ocrx_word' id='word_1_153' title='bbox 953 1732 1085 1793; x_wconf 84' lang='lat' dir='ltr'>defuncti</span> 
     </span>
     <span class='ocr_line' id='line_1_19' title="bbox 62 1821 1085 1899; baseline -0.002 -17"><span class='ocrx_word' id='word_1_154' title='bbox 62 1831 145 1893; x_wconf 86' lang='lat' dir='ltr'>sunt,</span> <span class='ocrx_word' id='word_1_155' title='bbox 167 1821 286 1894; x_wconf 82' lang='lat' dir='ltr'>vivrmt;</span> <span class='ocrx_word' id='word_1_156' title='bbox 318 1823 361 1882; x_wconf 92' lang='lat' dir='ltr'>ita</span> <span class='ocrx_word' id='word_1_157' title='bbox 392 1822 473 1899; x_wconf 89' lang='lat' dir='ltr'>quod</span> <span class='ocrx_word' id='word_1_158' title='bbox 504 1823 594 1881; x_wconf 92' lang='lat' dir='ltr'>etiam</span> <span class='ocrx_word' id='word_1_159' title='bbox 620 1822 722 1898; x_wconf 89' lang='lat' dir='ltr'>turpia</span> <span class='ocrx_word' id='word_1_160' title='bbox 747 1824 779 1880; x_wconf 92' lang='lat' dir='ltr'>in</span> <span class='ocrx_word' id='word_1_161' title='bbox 810 1823 918 1881; x_wconf 89' lang='lat' dir='ltr'>semine</span> <span class='ocrx_word' id='word_1_162' title='bbox 946 1840 1000 1882; x_wconf 87' lang='lat' dir='ltr'>suo</span> <span class='ocrx_word' id='word_1_163' title='bbox 1028 1823 1085 1882; x_wconf 89' lang='lat' dir='ltr'>sibi</span> 
     </span>
     <span class='ocr_line' id='line_1_20' title="bbox 62 1910 1084 1988; baseline 0.001 -18"><span class='ocrx_word' id='word_1_164' title='bbox 62 1910 215 1972; x_wconf 89' lang='lat' dir='ltr'>accidunt.</span> <span class='ocrx_word' id='word_1_165' title='bbox 251 1911 291 1970; x_wconf 78' lang='lat' dir='ltr'>Et</span> <span class='ocrx_word' id='word_1_166' title='bbox 314 1912 454 1987; x_wconf 88' lang='lat' dir='ltr'>quoniam</span> <span class='ocrx_word' id='word_1_167' title='bbox 478 1911 613 1971; x_wconf 89' lang='lat' dir='ltr'>diabolus</span> <span class='ocrx_word' id='word_1_168' title='bbox 630 1930 698 1971; x_wconf 91' lang='lat' dir='ltr'>oum</span> <span class='ocrx_word' id='word_1_169' title='bbox 713 1910 857 1988; x_wconf 80' lang='lat' dir='ltr'>vigilante</span> <span class='ocrx_word' id='word_1_170' title='bbox 872 1912 993 1971; x_wconf 89' lang='lat' dir='ltr'>homine</span> <span class='ocrx_word' id='word_1_171' title='bbox 1017 1931 1084 1971; x_wconf 90' lang='lat' dir='ltr'>oum</span> 
     </span>
     <span class='ocr_line' id='line_1_21' title="bbox 62 1999 1127 2076; baseline 0 -16"><span class='ocrx_word' id='word_1_172' title='bbox 62 1999 308 2076; x_wconf 81' lang='lat' dir='ltr'>suggestionibus</span> <span class='ocrx_word' id='word_1_173' title='bbox 323 2001 384 2061; x_wconf 88' lang='lat' dir='ltr'>suis</span> <span class='ocrx_word' id='word_1_174' title='bbox 399 2000 551 2072; x_wconf 87' lang='lat' dir='ltr'>bachatur,</span> <span class='ocrx_word' id='word_1_175' title='bbox 575 2000 642 2059; x_wconf 89' lang='lat' dir='ltr'>ideo</span> <span class='ocrx_word' id='word_1_176' title='bbox 666 2001 756 2059; x_wconf 90' lang='lat' dir='ltr'>etiam</span> <span class='ocrx_word' id='word_1_177' title='bbox 779 2020 848 2059; x_wconf 90' lang='lat' dir='ltr'>eum</span> <span class='ocrx_word' id='word_1_178' title='bbox 871 2001 953 2060; x_wconf 91' lang='lat' dir='ltr'>etin</span> <span class='ocrx_word' id='word_1_179' title='bbox 976 2002 1085 2061; x_wconf 92' lang='lat' dir='ltr'>somnis</span> <span class='ocrx_word' id='word_1_180' title='bbox 1098 2009 1127 2054; x_wconf 84' lang='lat'>20</span> 
     </span>
     <span class='ocr_line' id='line_1_22' title="bbox 64 2088 1085 2166; baseline 0.002 -19"><span class='ocrx_word' id='word_1_181' title='bbox 64 2090 184 2166; x_wconf 86' lang='lat' dir='ltr'>fatigat.</span> <span class='ocrx_word' id='word_1_182' title='bbox 228 2088 286 2148; x_wconf 86' lang='lat' dir='ltr'>Sed</span> <span class='ocrx_word' id='word_1_183' title='bbox 310 2090 390 2165; x_wconf 89' lang='lat' dir='ltr'>quod</span> <span class='ocrx_word' id='word_1_184' title='bbox 415 2090 513 2148; x_wconf 91' lang='lat' dir='ltr'>anima</span> <span class='ocrx_word' id='word_1_185' title='bbox 536 2090 654 2165; x_wconf 89' lang='lat' dir='ltr'>corpori</span> <span class='ocrx_word' id='word_1_186' title='bbox 676 2089 765 2148; x_wconf 83' lang='lat' dir='ltr'>infixa</span> <span class='ocrx_word' id='word_1_187' title='bbox 787 2094 844 2162; x_wconf 90' lang='lat' dir='ltr'>est,</span> <span class='ocrx_word' id='word_1_188' title='bbox 878 2091 904 2149; x_wconf 94' lang='lat' dir='ltr'>ei</span> <span class='ocrx_word' id='word_1_189' title='bbox 932 2093 995 2149; x_wconf 90' lang='lat' dir='ltr'>tam</span> <span class='ocrx_word' id='word_1_190' title='bbox 1019 2091 1085 2149; x_wconf 90' lang='lat' dir='ltr'>dor·</span> 
     </span>
     <span class='ocr_line' id='line_1_23' title="bbox 62 2176 1087 2256; baseline 0.002 -19"><span class='ocrx_word' id='word_1_191' title='bbox 62 2179 170 2237; x_wconf 86' lang='lat' dir='ltr'>ruienti</span> <span class='ocrx_word' id='word_1_192' title='bbox 190 2197 281 2254; x_wconf 90' lang='lat' dir='ltr'>quam</span> <span class='ocrx_word' id='word_1_193' title='bbox 304 2178 444 2256; x_wconf 85' lang='lat' dir='ltr'>vigilanti</span> <span class='ocrx_word' id='word_1_194' title='bbox 467 2179 602 2254; x_wconf 87' lang='lat' dir='ltr'>quamvis</span> <span class='ocrx_word' id='word_1_195' title='bbox 625 2179 721 2239; x_wconf 87' lang='lat' dir='ltr'>invita</span> <span class='ocrx_word' id='word_1_196' title='bbox 742 2179 916 2238; x_wconf 90' lang='lat' dir='ltr'>multotiens</span> <span class='ocrx_word' id='word_1_197' title='bbox 939 2176 1087 2239; x_wconf 79' lang='lat' dir='ltr'>consentit</span> 
     </span>
     <span class='ocr_line' id='line_1_24' title="bbox 63 2261 1143 2345; baseline 0 -19"><span class='ocrx_word' id='word_1_198' title='bbox 63 2271 95 2326; x_wconf 92' lang='lat' dir='ltr'>et</span> <span class='ocrx_word' id='word_1_199' title='bbox 120 2267 249 2328; x_wconf 89' lang='lat' dir='ltr'>diversos</span> <span class='ocrx_word' id='word_1_200' title='bbox 272 2270 372 2326; x_wconf 89' lang='lat' dir='ltr'>motus</span> <span class='ocrx_word' id='word_1_201' title='bbox 394 2268 426 2326; x_wconf 93' lang='lat' dir='ltr'>in</span> <span class='ocrx_word' id='word_1_202' title='bbox 457 2287 491 2327; x_wconf 92' lang='lat' dir='ltr'>eo</span> <span class='ocrx_word' id='word_1_203' title='bbox 519 2271 636 2339; x_wconf 88' lang='lat' dir='ltr'>movet;</span> <span class='ocrx_word' id='word_1_204' title='bbox 670 2268 741 2344; x_wconf 92' lang='lat' dir='ltr'>quia</span> <span class='ocrx_word' id='word_1_205' title='bbox 769 2268 847 2328; x_wconf 89' lang='lat' dir='ltr'>sicut</span> <span class='ocrx_word' id='word_1_206' title='bbox 875 2287 925 2326; x_wconf 91' lang='lat' dir='ltr'>aer</span> <span class='ocrx_word' id='word_1_207' title='bbox 951 2268 983 2326; x_wconf 90' lang='lat' dir='ltr'>in</span> <span class='ocrx_word' id='word_1_208' title='bbox 1010 2287 1088 2345; x_wconf 87' lang='lat' dir='ltr'>aqua</span> <span class='ocrx_word' id='word_1_209' title='bbox 1140 2261 1143 2264; x_wconf 54' lang='grc'>’</span> 
     </span>
     <span class='ocr_line' id='line_1_25' title="bbox 64 2356 1088 2428; baseline 0 -12"><span class='ocrx_word' id='word_1_210' title='bbox 64 2359 163 2416; x_wconf 89' lang='lat' dir='ltr'>rotam</span> <span class='ocrx_word' id='word_1_211' title='bbox 186 2356 346 2417; x_wconf 88' lang='lat' dir='ltr'>molendini</span> <span class='ocrx_word' id='word_1_212' title='bbox 371 2356 543 2416; x_wconf 85' lang='lat' dir='ltr'>circumfert</span> <span class='ocrx_word' id='word_1_213' title='bbox 558 2360 587 2416; x_wconf 86' lang='lat' dir='ltr'>et</span> <span class='ocrx_word' id='word_1_214' title='bbox 602 2357 679 2416; x_wconf 91' lang='lat' dir='ltr'>illud</span> <span class='ocrx_word' id='word_1_215' title='bbox 699 2356 808 2416; x_wconf 88' lang='lat' dir='ltr'>molere</span> <span class='ocrx_word' id='word_1_216' title='bbox 828 2357 909 2428; x_wconf 88' lang='lat' dir='ltr'>facit,</span> <span class='ocrx_word' id='word_1_217' title='bbox 932 2358 974 2416; x_wconf 91' lang='lat' dir='ltr'>sic</span> <span class='ocrx_word' id='word_1_218' title='bbox 997 2358 1088 2416; x_wconf 90' lang='lat' dir='ltr'>etiam</span> 
     </span>
     <span class='ocr_line' id='line_1_26' title="bbox 64 2445 1163 2523; baseline 0.002 -17"><span class='ocrx_word' id='word_1_219' title='bbox 64 2463 175 2522; x_wconf 89' lang='lat' dir='ltr'>corpus</span> <span class='ocrx_word' id='word_1_220' title='bbox 214 2449 245 2505; x_wconf 92' lang='lat' dir='ltr'>et</span> <span class='ocrx_word' id='word_1_221' title='bbox 284 2445 457 2505; x_wconf 90' lang='lat' dir='ltr'>dormientis</span> <span class='ocrx_word' id='word_1_222' title='bbox 491 2450 521 2505; x_wconf 90' lang='lat' dir='ltr'>et</span> <span class='ocrx_word' id='word_1_223' title='bbox 550 2446 703 2523; x_wconf 87' lang='lat' dir='ltr'>vigilantis</span> <span class='ocrx_word' id='word_1_224' title='bbox 734 2446 861 2505; x_wconf 91' lang='lat' dir='ltr'>hominis</span> <span class='ocrx_word' id='word_1_225' title='bbox 900 2445 937 2504; x_wconf 92' lang='lat' dir='ltr'>ad</span> <span class='ocrx_word' id='word_1_226' title='bbox 968 2445 1127 2506; x_wconf 72' lang='lat' dir='ltr'>diversas</span> <span class='ocrx_word' id='word_1_227' title='bbox 1155 2488 1163 2508; x_wconf 52' lang='grc'>1</span> 
     </span>
     <span class='ocr_line' id='line_1_27' title="bbox 64 2537 287 2611; baseline 0 -17"><span class='ocrx_word' id='word_1_228' title='bbox 64 2554 158 2611; x_wconf 89' lang='lat' dir='ltr'>opera</span> <span class='ocrx_word' id='word_1_229' title='bbox 181 2537 287 2595; x_wconf 88' lang='lat' dir='ltr'>movet.</span> 
     </span>
    </p>

    <p class='ocr_par' dir='ltr' id='par_1_3' title="bbox 64 2622 1138 3596">
     <span class='ocr_line' id='line_1_28' title="bbox 135 2622 1088 2696; baseline 0 -12"><span class='ocrx_word' id='word_1_230' title='bbox 135 2625 180 2684; x_wconf 84' lang='lat' dir='ltr'>De</span> <span class='ocrx_word' id='word_1_231' title='bbox 202 2625 323 2684; x_wconf 77' lang='lat' dir='ltr'>animae</span> <span class='ocrx_word' id='word_1_232' title='bbox 345 2624 455 2696; x_wconf 79' lang='lat' dir='ltr'>effecte.</span> <span class='ocrx_word' id='word_1_233' title='bbox 501 2622 577 2683; x_wconf 86' lang='lat' dir='ltr'>Nam</span> <span class='ocrx_word' id='word_1_234' title='bbox 604 2624 681 2684; x_wconf 90' lang='lat' dir='ltr'>sicut</span> <span class='ocrx_word' id='word_1_235' title='bbox 712 2624 756 2683; x_wconf 89' lang='lat' dir='ltr'>sol</span> <span class='ocrx_word' id='word_1_236' title='bbox 787 2624 840 2682; x_wconf 87' lang='lat' dir='ltr'>lux</span> <span class='ocrx_word' id='word_1_237' title='bbox 867 2623 926 2683; x_wconf 91' lang='lat' dir='ltr'>diei</span> <span class='ocrx_word' id='word_1_238' title='bbox 955 2627 1013 2695; x_wconf 93' lang='lat' dir='ltr'>est,</span> <span class='ocrx_word' id='word_1_239' title='bbox 1046 2625 1088 2684; x_wconf 90' lang='lat' dir='ltr'>sic</span> 
     </span>
     <span class='ocr_line' id='line_1_29' title="bbox 65 2713 1086 2790; baseline 0 -17"><span class='ocrx_word' id='word_1_240' title='bbox 65 2718 97 2773; x_wconf 91' lang='lat' dir='ltr'>et</span> <span class='ocrx_word' id='word_1_241' title='bbox 121 2713 294 2772; x_wconf 82' lang='lat' dir='ltr'>animatur</span> <span class='ocrx_word' id='word_1_242' title='bbox 317 2713 469 2790; x_wconf 89' lang='lat' dir='ltr'>vigilantis</span> <span class='ocrx_word' id='word_1_243' title='bbox 491 2713 626 2790; x_wconf 89' lang='lat' dir='ltr'>corporis</span> <span class='ocrx_word' id='word_1_244' title='bbox 649 2717 701 2789; x_wconf 91' lang='lat' dir='ltr'>est,</span> <span class='ocrx_word' id='word_1_245' title='bbox 726 2717 815 2773; x_wconf 88' lang='grc'>11111</span> <span class='ocrx_word' id='word_1_246' title='bbox 837 2713 908 2772; x_wconf 90' lang='lat' dir='ltr'>luna</span> <span class='ocrx_word' id='word_1_247' title='bbox 923 2715 975 2773; x_wconf 89' lang='lat' dir='ltr'>lux</span> <span class='ocrx_word' id='word_1_248' title='bbox 990 2714 1086 2773; x_wconf 87' lang='lat' dir='ltr'>noctis</span> 
     </span>
     <span class='ocr_line' id='line_1_30' title="bbox 64 2801 1085 2880; baseline 0 -18"><span class='ocrx_word' id='word_1_249' title='bbox 64 2805 119 2873; x_wconf 85' lang='lat' dir='ltr'>est,</span> <span class='ocrx_word' id='word_1_250' title='bbox 144 2803 188 2860; x_wconf 89' lang='lat' dir='ltr'>ita</span> <span class='ocrx_word' id='word_1_251' title='bbox 210 2803 298 2861; x_wconf 90' lang='lat' dir='ltr'>etiam</span> <span class='ocrx_word' id='word_1_252' title='bbox 321 2806 351 2861; x_wconf 93' lang='lat' dir='ltr'>et</span> <span class='ocrx_word' id='word_1_253' title='bbox 373 2802 470 2861; x_wconf 89' lang='lat' dir='ltr'>anima</span> <span class='ocrx_word' id='word_1_254' title='bbox 492 2803 545 2861; x_wconf 88' lang='lat' dir='ltr'>lux</span> <span class='ocrx_word' id='word_1_255' title='bbox 568 2802 744 2862; x_wconf 90' lang='lat' dir='ltr'>dormientis</span> <span class='ocrx_word' id='word_1_256' title='bbox 767 2803 899 2880; x_wconf 88' lang='lat' dir='ltr'>corporis</span> <span class='ocrx_word' id='word_1_257' title='bbox 922 2805 976 2866; x_wconf 90' lang='lat' dir='ltr'>est.</span> <span class='ocrx_word' id='word_1_258' title='bbox 1011 2801 1085 2862; x_wconf 78' lang='lat' dir='ltr'>Cum</span> 
     </span>
     <span class='ocr_line' id='line_1_31' title="bbox 65 2890 1138 2969; baseline -0.002 -17"><span class='ocrx_word' id='word_1_259' title='bbox 65 2892 147 2952; x_wconf 91' lang='lat' dir='ltr'>enim</span> <span class='ocrx_word' id='word_1_260' title='bbox 170 2909 277 2968; x_wconf 88' lang='lat' dir='ltr'>corpus</span> <span class='ocrx_word' id='word_1_261' title='bbox 299 2890 472 2951; x_wconf 91' lang='lat' dir='ltr'>dormientis</span> <span class='ocrx_word' id='word_1_262' title='bbox 493 2891 622 2951; x_wconf 87' lang='lat' dir='ltr'>hominis</span> <span class='ocrx_word' id='word_1_263' title='bbox 643 2892 676 2951; x_wconf 91' lang='lat' dir='ltr'>in</span> <span class='ocrx_word' id='word_1_264' title='bbox 698 2895 780 2952; x_wconf 90' lang='lat' dir='ltr'>recta</span> <span class='ocrx_word' id='word_1_265' title='bbox 801 2893 943 2969; x_wconf 88' lang='lat' dir='ltr'>temperie</span> <span class='ocrx_word' id='word_1_266' title='bbox 966 2896 1019 2969; x_wconf 90' lang='lat' dir='ltr'>est,</span> <span class='ocrx_word' id='word_1_267' title='bbox 1042 2892 1138 2952; x_wconf 77' lang='lat' dir='ltr'>itaso&#39;</span> 
     </span>
     <span class='ocr_line' id='line_1_32' title="bbox 64 2981 1084 3058; baseline 0.001 -18"><span class='ocrx_word' id='word_1_268' title='bbox 64 2981 147 3057; x_wconf 89' lang='lat' dir='ltr'>quod</span> <span class='ocrx_word' id='word_1_269' title='bbox 170 2981 301 3040; x_wconf 84' lang='lat' dir='ltr'>medulla</span> <span class='ocrx_word' id='word_1_270' title='bbox 323 2981 385 3040; x_wconf 88' lang='lat' dir='ltr'>eius</span> <span class='ocrx_word' id='word_1_271' title='bbox 407 2982 489 3040; x_wconf 87' lang='lat' dir='ltr'>recta</span> <span class='ocrx_word' id='word_1_272' title='bbox 511 2999 648 3040; x_wconf 90' lang='lat' dir='ltr'>mensura</span> <span class='ocrx_word' id='word_1_273' title='bbox 671 2986 701 3041; x_wconf 88' lang='lat' dir='ltr'>et</span> <span class='ocrx_word' id='word_1_274' title='bbox 720 2981 810 3042; x_wconf 93' lang='lat' dir='ltr'>modo</span> <span class='ocrx_word' id='word_1_275' title='bbox 827 2981 926 3058; x_wconf 89' lang='lat' dir='ltr'>ipsum</span> <span class='ocrx_word' id='word_1_276' title='bbox 942 2982 1084 3051; x_wconf 85' lang='lat' dir='ltr'>calefacit,</span> 
     </span>
     <span class='ocr_line' id='line_1_33' title="bbox 64 3069 1086 3146; baseline 0 -17"><span class='ocrx_word' id='word_1_277' title='bbox 64 3073 95 3129; x_wconf 90' lang='grc'>11</span> <span class='ocrx_word' id='word_1_278' title='bbox 129 3069 211 3146; x_wconf 92' lang='lat' dir='ltr'>quod</span> <span class='ocrx_word' id='word_1_279' title='bbox 243 3070 333 3129; x_wconf 85' lang='lat' dir='ltr'>etiem</span> <span class='ocrx_word' id='word_1_280' title='bbox 366 3073 573 3145; x_wconf 83' lang='lat' dir='ltr'>tempestatem</span> <span class='ocrx_word' id='word_1_281' title='bbox 606 3070 751 3130; x_wconf 91' lang='lat' dir='ltr'>vitiorum</span> <span class='ocrx_word' id='word_1_282' title='bbox 782 3074 813 3130; x_wconf 95' lang='grc'>11</span> <span class='ocrx_word' id='word_1_283' title='bbox 844 3071 1086 3131; x_wconf 87' lang='lat' dir='ltr'>contrarietatem</span> 
     </span>
     <span class='ocr_line' id='line_1_34' title="bbox 64 3159 1086 3235; baseline -0.001 -17"><span class='ocrx_word' id='word_1_284' title='bbox 64 3178 183 3219; x_wconf 92' lang='lat' dir='ltr'>morum</span> <span class='ocrx_word' id='word_1_285' title='bbox 205 3159 236 3218; x_wconf 92' lang='lat' dir='ltr'>in</span> <span class='ocrx_word' id='word_1_286' title='bbox 258 3178 288 3219; x_wconf 89' lang='grc'>11</span> <span class='ocrx_word' id='word_1_287' title='bbox 310 3178 370 3218; x_wconf 94' lang='lat' dir='ltr'>non</span> <span class='ocrx_word' id='word_1_288' title='bbox 392 3159 488 3234; x_wconf 88' lang='lat' dir='ltr'>habet,</span> <span class='ocrx_word' id='word_1_289' title='bbox 511 3163 585 3219; x_wconf 91' lang='lat' dir='ltr'>tunc</span> <span class='ocrx_word' id='word_1_290' title='bbox 608 3160 775 3235; x_wconf 88' lang='lat' dir='ltr'>saepissime</span> <span class='ocrx_word' id='word_1_291' title='bbox 798 3179 869 3220; x_wconf 91' lang='lat' dir='ltr'>vera</span> <span class='ocrx_word' id='word_1_292' title='bbox 890 3160 981 3232; x_wconf 89' lang='lat' dir='ltr'>videt,</span> <span class='ocrx_word' id='word_1_293' title='bbox 1013 3161 1086 3235; x_wconf 91' lang='lat' dir='ltr'>quia</span> 
     </span>
     <span class='ocr_line' id='line_1_35' title="bbox 64 3248 1084 3325; baseline -0.002 -17"><span class='ocrx_word' id='word_1_294' title='bbox 64 3249 188 3309; x_wconf 87' lang='lat' dir='ltr'>scientia</span> <span class='ocrx_word' id='word_1_295' title='bbox 210 3249 323 3308; x_wconf 91' lang='lat' dir='ltr'>animae</span> <span class='ocrx_word' id='word_1_296' title='bbox 346 3249 409 3308; x_wconf 88' lang='lat' dir='ltr'>eius</span> <span class='ocrx_word' id='word_1_297' title='bbox 432 3251 505 3308; x_wconf 88' lang='lat' dir='ltr'>tunc</span> <span class='ocrx_word' id='word_1_298' title='bbox 527 3249 559 3307; x_wconf 93' lang='lat' dir='ltr'>in</span> <span class='ocrx_word' id='word_1_299' title='bbox 582 3249 682 3324; x_wconf 87' lang='lat' dir='ltr'>quiete</span> <span class='ocrx_word' id='word_1_300' title='bbox 706 3252 757 3325; x_wconf 89' lang='lat' dir='ltr'>est,</span> <span class='ocrx_word' id='word_1_301' title='bbox 788 3251 873 3308; x_wconf 88' lang='lat' dir='ltr'>velut</span> <span class='ocrx_word' id='word_1_302' title='bbox 895 3250 967 3308; x_wconf 90' lang='lat' dir='ltr'>luna</span> <span class='ocrx_word' id='word_1_303' title='bbox 990 3248 1084 3323; x_wconf 90' lang='lat' dir='ltr'>splen·</span> 
     </span>
     <span class='ocr_line' id='line_1_36' title="bbox 64 3337 1125 3413; baseline -0.006 -13"><span class='ocrx_word' id='word_1_304' title='bbox 64 3339 169 3400; x_wconf 88' lang='lat' dir='ltr'>dorem</span> <span class='ocrx_word' id='word_1_305' title='bbox 191 3357 279 3399; x_wconf 89' lang='lat' dir='ltr'>suum</span> <span class='ocrx_word' id='word_1_306' title='bbox 301 3339 379 3397; x_wconf 88' lang='lat' dir='ltr'>clare</span> <span class='ocrx_word' id='word_1_307' title='bbox 401 3341 432 3397; x_wconf 93' lang='grc'>11</span> <span class='ocrx_word' id='word_1_308' title='bbox 452 3337 579 3413; x_wconf 91' lang='lat' dir='ltr'>pleniter</span> <span class='ocrx_word' id='word_1_309' title='bbox 602 3338 726 3413; x_wconf 87' lang='lat' dir='ltr'>emittit,</span> <span class='ocrx_word' id='word_1_310' title='bbox 758 3357 826 3398; x_wconf 90' lang='lat' dir='ltr'>cum</span> <span class='ocrx_word' id='word_1_311' title='bbox 853 3339 885 3395; x_wconf 93' lang='lat' dir='ltr'>in</span> <span class='ocrx_word' id='word_1_312' title='bbox 907 3340 994 3397; x_wconf 89' lang='lat' dir='ltr'>noete</span> <span class='ocrx_word' id='word_1_313' title='bbox 1017 3337 1081 3396; x_wconf 89' lang='lat' dir='ltr'>abs·</span> <span class='ocrx_word' id='word_1_314' title='bbox 1097 3348 1125 3394; x_wconf 77' lang='lat'>35</span> 
     </span>
     <span class='ocr_line' id='line_1_37' title="bbox 66 3426 1086 3506; baseline -0.003 -18"><span class='ocrx_word' id='word_1_315' title='bbox 66 3448 126 3506; x_wconf 89' lang='lat' dir='ltr'>que</span> <span class='ocrx_word' id='word_1_316' title='bbox 148 3428 269 3488; x_wconf 83' lang='lat' dir='ltr'>turbine</span> <span class='ocrx_word' id='word_1_317' title='bbox 292 3427 419 3486; x_wconf 92' lang='lat' dir='ltr'>nubium</span> <span class='ocrx_word' id='word_1_318' title='bbox 442 3430 472 3486; x_wconf 93' lang='grc'>11</span> <span class='ocrx_word' id='word_1_319' title='bbox 494 3429 654 3486; x_wconf 89' lang='lat' dir='ltr'>ventorum</span> <span class='ocrx_word' id='word_1_320' title='bbox 670 3429 721 3488; x_wconf 89' lang='lat' dir='ltr'>est.</span> <span class='ocrx_word' id='word_1_321' title='bbox 756 3426 787 3486; x_wconf 81' lang='lat' dir='ltr'>Si</span> <span class='ocrx_word' id='word_1_322' title='bbox 804 3430 904 3486; x_wconf 89' lang='lat' dir='ltr'>autem</span> <span class='ocrx_word' id='word_1_323' title='bbox 927 3429 1086 3501; x_wconf 90' lang='lat' dir='ltr'>tempestas</span> 
     </span>
     <span class='ocr_line' id='line_1_38' title="bbox 65 3516 1099 3596; baseline -0.006 -18"><span class='ocrx_word' id='word_1_324' title='bbox 65 3517 218 3579; x_wconf 87' lang='lat' dir='ltr'>variarum</span> <span class='ocrx_word' id='word_1_325' title='bbox 241 3520 272 3577; x_wconf 91' lang='lat' dir='ltr'>et</span> <span class='ocrx_word' id='word_1_326' title='bbox 294 3516 511 3577; x_wconf 89' lang='lat' dir='ltr'>contrariarum</span> <span class='ocrx_word' id='word_1_327' title='bbox 537 3516 756 3596; x_wconf 86' lang='lat' dir='ltr'>cogitationum</span> <span class='ocrx_word' id='word_1_328' title='bbox 776 3519 911 3577; x_wconf 88' lang='lat' dir='ltr'>mentem</span> <span class='ocrx_word' id='word_1_329' title='bbox 930 3518 965 3574; x_wconf 80' lang='lat' dir='ltr'>et</span> <span class='ocrx_word' id='word_1_330' title='bbox 983 3533 1099 3588; x_wconf 67' lang='lat' dir='ltr'>corpus</span> 
     </span>
    </p>
   </div>
   <div class='ocr_carea' id='block_1_3' title="bbox 945 3618 987 3672">
    <p class='ocr_par' dir='ltr' id='par_1_4' title="bbox 945 3618 987 3672">
     <span class='ocr_line' id='line_1_39' title="bbox 945 3618 987 3672; baseline 0 -22"><span class='ocrx_word' id='word_1_331' title='bbox 945 3618 987 3672; x_wconf 54' lang='lat' dir='ltr'>Q*</span> 
     </span>
    </p>
   </div>
   <div class='ocr_carea' id='block_1_4' title="bbox 0 0 1244 3862">
    <p class='ocr_par' dir='ltr' id='par_1_5' title="bbox 0 0 1244 3862">
     <span class='ocr_line' id='line_1_40' title="bbox 0 0 1244 3862; baseline 0 0"><span class='ocrx_word' id='word_1_332' title='bbox 0 0 1244 3862; x_wconf 95' lang='lat' dir='ltr'> </span> 
     </span>
    </p>
   </div>
  </div>
 </body>
</html>
