2438 3854
325 137 468 192 cAUsnn
486 136 533 214 ET
553 136 762 194 0111111113.
780 138 815 193 11.
1036 145 1077 204 53

57 322 191 382 efficitur
215 324 305 399 atque
332 322 479 398 impotens
505 322 603 381 tetius
630 322 761 398 corporis
788 323 849 396 sui;
882 325 912 381 et
933 322 990 382 hcc
1016 326 1079 383 tam

57 413 121 483 diu,
136 430 233 488 usque
246 412 318 470 dum
329 411 475 487 praedicti
486 411 595 471 livores
611 413 788 471 cessaverint
799 415 829 472 et
846 412 877 470 in
889 415 1006 472 rectum
1020 413 1079 472 iter

58 521 151 560 suum
173 500 325 563 redierint.
363 499 419 559 Sed
434 501 487 559 diu
502 501 603 560 vivere
620 501 739 577 poterit,
764 501 790 560 si
806 501 879 560 deus
901 502 1080 578 permiserit.

128 591 282 650 Deionis
308 591 449 651 meritus.
500 589 556 648 Sed
588 590 614 649 si
641 609 747 666 spuma
774 591 887 650 excedit
912 591 1024 652 siecum
1050 594 1080 650 et

59 680 174 739 siccem
195 678 353 738 humidum
372 681 402 738 et
424 679 567 756 tepidum,
590 682 663 739 tunc
684 680 774 738 homo
796 680 847 739 ille
870 678 961 740 bones
982 689 1106 740 morose

10 798 12 803 ·
57 769 152 830 hebet
174 771 205 828 et
224 768 386 828 benevolus
402 771 446 828 est
461 786 496 828 ac
510 771 593 827 tener
608 787 739 844 corpore,
763 769 813 828 sed
836 769 890 827 diu
911 788 971 828 non
993 771 1079 833 vivit.

127 858 174 917 Dc
202 859 344 917 amentia.
394 857 481 928 Quod
509 857 536 916 ai
565 858 724 917 humidum
754 876 788 917 ac
820 858 969 935 tepidum,
1003 879 1079 935 quae

59 948 153 1007 etiam
183 949 255 1006 tunc
286 947 366 1007 livor
399 965 522 1023 spumae
552 950 583 1006 et
612 947 681 1007 sicci
715 951 799 1023 sunt,
835 947 959 1006 modum
990 965 1080 1006 suum

58 1039 229 1110 transeunt,
262 1054 330 1094 mcx
362 1035 522 1094 humidum
549 1039 586 1095 111
616 1038 684 1095 rota
715 1037 962 1096 circumvolvitur
988 1040 1079 1112 atque

56 1126 208 1186 hominem
232 1125 320 1183 illum
342 1125 494 1185 interdum
516 1125 548 1183 in
564 1145 673 1201 aquam
686 1127 866 1202 praecipitat
880 1144 914 1185 ac
928 1126 1080 1185 interdum
1093 1135 1121 1182 10

57 1216 226 1292 inignem,
257 1217 287 1273 et
309 1214 447 1290 tepidum
473 1215 506 1272 in
537 1215 697 1273 amentiam
725 1233 794 1272 eum
820 1215 925 1277 mittit.
969 1214 1010 1273 Et
1031 1214 1079 1274 hic

57 1304 149 1363 homo
172 1304 241 1362 talis
264 1306 317 1376 est,
341 1304 422 1379 qued
437 1305 469 1362 in
486 1305 550 1380 ipsc
574 1304 697 1362 scientia
712 1305 865 1377 evanescit
888 1304 967 1363 unde
991 1305 1080 1364 etiam

58 1412 161 1453 amens
187 1393 324 1453 efficitur.
354 1391 415 1453 Nec
438 1396 483 1453 est
505 1393 543 1452 ad
565 1394 687 1469 plenum
709 1411 798 1452 sanus
821 1412 874 1453 nec
897 1394 934 1452 ad
957 1394 1079 1470 plenum

56 1483 202 1542 infirmus
714 1501 716 1505 ’

128 1572 174 1631 De
208 1569 343 1632 insania.
401 1569 477 1630 (lum
511 1591 581 1631 vero
616 1572 645 1630 in
681 1572 782 1648 aliquo
819 1572 930 1631 siecum
965 1572 1078 1631 excedit
1092 1579 1118 1624 1⁵

56 1661 196 1736 tepidum
225 1663 255 1719 et
282 1659 418 1736 tepidum
449 1660 608 1718 humidum
638 1665 668 1720 et
695 1679 845 1737 spumam,
878 1680 954 1737 quae
980 1661 1079 1720 subse-

57 1753 211 1827 quuntur:
240 1749 289 1808 hic
311 1748 400 1808 hemo
424 1748 544 1808 insanus
568 1753 613 1808 eat
635 1754 733 1809 mente
757 1753 788 1810 et
809 1768 932 1826 corpere
956 1769 990 1810 ac
1012 1751 1079 1810 sibi·

56 1842 122 1898 met
145 1839 203 1915 ipsi
228 1841 258 1896 et
280 1839 347 1897 aliis
369 1838 541 1898 hominibus
563 1839 595 1897 in
617 1839 750 1899 moribus
773 1839 835 1898 suis
862 1839 1013 1899 horribilis
1036 1844 1080 1900 est

57 1947 92 1987 ac
115 1927 268 1986 inutiliter
293 1946 434 2004 praeceps
465 1928 496 1986 in
521 1928 656 1987 omnibus
684 1929 779 1988 causis
807 1929 869 1988 suis
892 1932 922 1987 et
944 1929 1079 2005 aliquan·

57 2018 163 2076 tulum
186 2035 283 2091 sanus,
307 2020 338 2076 et
361 2017 414 2076 diu
436 2017 536 2078 vivere
559 2021 667 2093 potest.
1094 2025 1122 2072 20

130 2106 176 2165 Dc
198 2107 409 2180 desperatione.
456 2105 513 2165 Sed
540 2107 566 2166 si
592 2107 752 2165 humidum
778 2108 826 2166 vel
854 2127 971 2183 spuma,
1005 2128 1081 2184 quae

56 2199 136 2254 tunc
158 2194 239 2255 livor
262 2195 331 2255 sicci
355 2198 385 2254 et
407 2195 501 2271 tepidi
523 2199 606 2272 sunt,
639 2196 763 2255 modum
790 2215 879 2255 suum
906 2197 1080 2272 efflaverint

55 2286 104 2343 ita
129 2284 210 2360 quod
237 2282 397 2342 humidum
427 2304 562 2343 amarum
588 2286 708 2344 fumum
734 2285 766 2343 in
796 2286 884 2344 illum
912 2287 1024 2344 emittit
1051 2290 1081 2344 et

56 2373 143 2450 quod
166 2393 235 2433 eum
258 2392 365 2450 spuma
386 2373 515 2432 lividum
538 2393 571 2433 ac
585 2375 737 2434 lubricum
752 2377 789 2432 ut
803 2375 983 2433 testudinem
999 2375 1080 2447 facit,

55 2466 133 2522 tunc
159 2462 216 2523 hcc
237 2462 326 2523 mode
349 2466 456 2538 perant
482 2463 514 2521 in
537 2482 571 2522 eo
595 2482 713 2535 sonum,
746 2463 832 2523 velut
854 2481 960 2522 senum
982 2463 1121 2524 flantisat

56 2552 217 2628 aquilonis,
251 2555 342 2628 etque
365 2552 476 2610 cadunt
498 2571 588 2628 super
611 2571 662 2611 ccr
683 2552 816 2612 eiusdem
838 2550 967 2610 hominis
990 2555 1082 2628 atque

56 2660 151 2717 super
185 2660 287 2701 sensus
315 2642 392 2715 eius,
424 2641 468 2699 ita
499 2641 580 2717 qued
611 2660 663 2700 nec
692 2642 723 2699 in
752 2641 805 2700 dec
832 2658 888 2699 nec
909 2640 940 2698 in
961 2640 1081 2700 homine

55 2749 112 2790 nec
136 2731 168 2788 in
196 2731 260 2789 ulla
283 2733 420 2789 creatura
442 2748 524 2806 spem
547 2733 600 2788 aut
622 2729 828 2789 confidentiam
846 2728 954 2788 habere
972 2733 1081 2806 potest.

55 2819 97 2878 Ec
121 2818 194 2879 haec
218 2824 282 2879 tam
306 2819 358 2879 diu
382 2820 504 2895 durant,
532 2839 628 2895 usque
652 2820 724 2877 dum
746 2818 891 2894 praedicti
912 2819 1021 2879 livores
1044 2819 1081 2878 ab

55 2909 183 2968 horrore
212 2928 266 2968 suo
289 2910 475 2970 cessaverint.
1093 2926 1120 2971 30

131 2999 177 3057 De
199 2999 322 3058 timidis.
356 2997 443 3058 Unde
465 2998 572 3057 melius
594 2997 641 3055 illi
664 3000 740 3056 esset
761 2998 839 3057 meri
861 3017 952 3075 quam
973 2998 1080 3063 vivere.

55 3087 115 3146 Sed
138 3090 238 3146 tamen
266 3088 319 3146 diu
343 3088 443 3149 vivere
466 3089 573 3163 potest.
623 3085 654 3144 Si
682 3088 781 3146 autem
808 3088 945 3164 tepidum
976 3107 1078 3164 super·

57 3176 180 3236 excellit
202 3176 312 3236 siccum
335 3181 365 3236 et
388 3178 500 3237 siccum
514 3176 674 3235 humidum
689 3178 719 3234 et
732 3194 876 3251 spumam,
898 3178 955 3234 iste
970 3177 1080 3235 multas

54 3283 213 3343 pressuras
246 3266 278 3324 in
304 3267 437 3326 moribus
465 3267 527 3326 suis
549 3267 581 3325 in
603 3266 760 3342 semetipso
782 3264 874 3366 habet
897 3269 927 3325 et
948 3265 1023 3323 iram
1046 3283 1080 3323 ac

55 3355 216 3415 tristitiam
249 3374 282 3415 ac
309 3357 459 3414 interdum
486 3356 645 3432 laetitiam,
676 3374 807 3433 quorum
836 3358 934 3412 tamen
961 3353 1120 3416 nullum35

57 3445 97 3504 ad
122 3444 287 3519 perfectum
312 3445 405 3518 ducit,
431 3444 502 3523 quie
524 3445 557 3506 in
577 3445 626 3507 his
649 3444 790 3507 emmens
808 3443 942 3503 timidus
967 3443 1035 3512 est„
1055 3443 1102 3494 ut

48 3532 128 3589 unda
153 3533 186 3588 1'11
218 3551 310 3609 aqua,
344 3537 489 3611 quoniam
518 3537 596 3602 haec
631 3541 747 3603 cuncta
766 3537 805 3598 in
826 3530 1001 3606 semetipse
1018 3524 1131 3581 mmet.
