2438 3854
326 144 469 228 OAUSAE
488 145 534 199 ET
553 145 676 202 CURAE
695 147 761 202 LlB.
782 147 815 201 ll.
1013 150 1075 210 159

57 329 208 388 modicam
230 329 333 388 horam
364 330 483 389 fortiter
514 330 647 389 laborare
680 334 816 407 possunt,
849 330 899 389 sed
927 331 958 389 in
980 329 1080 389 labore

58 420 168 477 durare
203 438 262 478 non
296 423 435 494 possunt,
474 422 615 495 quoniam
651 439 718 479 caro
757 439 859 478 eorum
894 420 1080 495 aliquantum

57 513 165 583 aperta
187 511 232 566 est
255 511 285 567 et
307 509 392 584 quasi
424 509 525 585 tepida
557 514 587 568 et
616 528 707 569 venae
741 527 843 567 eorum
871 510 984 585 largius
1015 529 1079 568 con-

60 597 185 655 strictae
221 599 298 659 sunt.
352 599 393 657 Et
424 599 567 675 quoniam
602 617 733 657 macram
767 597 928 657 medullam
963 598 1079 672 habent,

57 687 164 745 arvina
194 705 296 745 corum
329 690 412 746 tanto
445 689 564 747 tenuior
596 691 626 747 εὴ
663 687 788 747 debilior
817 690 869 747 est.
927 686 985 757 Qui
1013 698 1107 747 cumo

56 776 210 835 interdum
233 776 350 847 sudant,
373 776 464 836 sudor
488 778 538 836 ille
563 777 621 835 cito
645 795 745 836 carnes
760 777 888 836 hominis
908 776 990 834 illius
1013 796 1077 852 per-

57 865 183 938 transit,
216 865 288 941 quia
321 866 508 942 aliquantum
539 871 657 942 apertae
690 868 773 938 sunt,
805 886 838 926 ac
865 867 908 924 ita
935 866 1080 940 plurimos

56 954 215 1030 pediculos
238 957 268 1012 in
292 973 378 1013 carne
400 959 501 1031 parat,
534 957 586 1032 qui
619 959 702 1015 extra
728 955 878 1015 hominem
908 956 995 1013 illum
1025 957 1078 1013 im-

60 1044 214 1102 moderate
245 1044 403 1106 ebulliunt.
447 1045 487 1104 Et
517 1045 583 1105 ideo
613 1045 746 1104 homines
776 1045 828 1104 isti
859 1064 918 1104 non
948 1045 1079 1103 multum

57 1132 172 1191 debiles
205 1136 275 1191 sunt
304 1136 335 1193 et
367 1134 553 1210 aliquamdiu
582 1135 682 1194 vivere
716 1138 848 1209 possunt.
897 1134 959 1192 Alii
990 1135 1079 1193 etiam
1094 1145 1120 1189 rc

56 1222 193 1281 homines
224 1226 306 1294 sunt,
347 1224 439 1300 (qui)
470 1243 573 1301 grossa
605 1242 669 1282 ossa
699 1229 730 1282 et
756 1225 888 1283 membra
910 1227 940 1282 et
963 1241 1079 1299 grossas

56 1330 148 1371 venas
170 1311 278 1370 habent
301 1319 331 1370 et
353 1313 477 1387 spissam
498 1332 532 1371 ac
553 1314 697 1390 pinguem
723 1313 897 1389 medullam,
929 1314 972 1371 ita
999 1313 1080 1389 quod

58 1420 127 1460 ossa
161 1419 264 1460 eorum
296 1404 366 1460 sunt
399 1403 486 1477 plena
520 1403 649 1461 ardentis
681 1393 840 1477 medullae,
877 1421 910 1461 ao
945 1403 1012 1461 ideo
1043 1402 1079 1460 de

56 1490 251 1565 spissitudine
291 1493 320 1550 et
353 1491 534 1568 pinguedine
568 1510 602 1550 ac
636 1485 688 1550 de
708 1492 892 1567 plenitudine
932 1492 1079 1551 medullae

56 1580 223 1656 prudentes
246 1582 276 1638 et
298 1581 385 1655 probi
407 1583 484 1649 sunt,
513 1582 543 1639 et
566 1599 634 1639 caro
657 1599 760 1639 eorum
783 1581 872 1641 fortis
895 1584 925 1640 et
947 1582 1119 1656 aliquan-15

58 1669 163 1727 tulum
179 1669 253 1727 dura
275 1675 306 1728 et
321 1670 427 1739 clausa,
445 1670 516 1746 quia
531 1670 611 1729 venis
627 1670 737 1729 strictis
754 1670 976 1747 constringitur,
1003 1668 1078 1727 Nam

59 1763 99 1816 ut
122 1761 185 1816 rete
200 1758 257 1816 sibi
271 1759 398 1817 invicem
414 1759 600 1835 complexum
615 1762 667 1834 est,
691 1759 732 1817 sic
748 1760 839 1818 etiam
853 1778 946 1818 venae
961 1759 1018 1818 sibi
1032 1759 1076 1817 in-

56 1848 156 1906 vicem
171 1866 224 1922 per
239 1851 338 1906 totum
354 1866 462 1924 corpus
474 1848 602 1907 hominis
615 1849 782 1923 complexae
793 1851 871 1907 sunt.
886 1848 926 1907 Et
938 1849 1078 1924 quoniam

57 1954 128 1995 caro
154 1954 258 1994 eorum
281 1937 502 2012 aliquantulum
529 1939 615 1997 fortis
645 1940 676 1996 et
704 1939 779 1996 dura
806 1942 857 2014 est,
874 1938 1025 1997 modicum
1049 1942 1079 1997 et

58 2030 183 2084 tenuem
195 2025 335 2084 sudorem
347 2026 497 2101 emittunt,
515 2027 585 2102 quia
597 2046 715 2103 grossae
728 2031 758 2086 et
766 2029 859 2087 fortes
871 2048 962 2088 venae
974 2047 1074 2087 carnes
1087 2035 1116 2080 20

58 2115 183 2174 illorum
191 2115 234 2173 ita
244 2115 462 2192 constringunt,
471 2118 550 2193 quod
563 2118 681 2192 parcius
689 2117 827 2177 sudorem
834 2119 985 2179 emittunt.
996 2117 1078 2175 Tunc

60 2223 96 2263 ex
120 2203 324 2264 habundantia
345 2209 374 2263 et
385 2206 483 2265 calore
497 2206 644 2264 medullae
665 2209 696 2265 et
707 2226 742 2265 ex
758 2207 961 2265 habundantia
975 2206 1077 2264 humo-

57 2313 136 2363 rum,
149 2293 202 2368 qui
211 2293 242 2351 in
252 2294 314 2352 illis
325 2297 403 2370 sunt,
415 2297 486 2370 quia
497 2301 651 2370 erumpere
662 2313 722 2353 non
733 2297 864 2370 possunt,
879 2296 990 2369 arvina,
1002 2313 1078 2369 quae

58 2383 90 2440 in
115 2383 156 2440 eis
179 2388 231 2454 est,
260 2384 481 2460 aliquantulum
504 2385 534 2442 in
556 2383 697 2442 ruborem
721 2384 874 2459 sanguinis
896 2385 1026 2444 vertitur
1048 2388 1078 2442 εὴ

58 2471 178 2529 infirma
199 2476 289 2532 estet
305 2493 363 2532 non
378 2491 455 2546 sana,
471 2473 514 2531 ita
526 2473 606 2547 quod
623 2473 747 2547 plurimi
762 2472 894 2548 pediculi
909 2472 939 2530 in
956 2491 989 2530 ea
999 2490 1073 2530 cres·
1089 2479 1117 2524 25

60 2564 142 2637 cunt,
156 2562 209 2636 qui
221 2561 256 2620 de
270 2563 405 2621 carnibus
417 2563 538 2620 illorum
551 2562 630 2620 exire
641 2579 701 2619 non
712 2565 845 2637 possunt,
861 2561 912 2620 sed
928 2561 960 2619 in
975 2561 1078 2619 arvina

57 2649 113 2708 illa
128 2655 282 2711 remanent
305 2655 335 2710 et
358 2670 421 2709 eam
437 2650 548 2726 ubique
563 2650 718 2726 perforant
741 2654 771 2710 et
792 2650 956 2713 comedunt.
991 2649 1077 2710 Unde

57 2739 194 2798 homines
217 2741 262 2799 illi
285 2740 415 2797 multum
438 2740 562 2798 interius
586 2740 616 2796 in
640 2758 762 2814 corpore
786 2739 888 2797 dolent
909 2739 1076 2810 nescientes,

58 2830 140 2887 unde
163 2829 290 2900 doleant,
314 2832 344 2887 et
358 2829 437 2887 tardi
459 2833 529 2888 sunt
551 2829 581 2886 in
604 2829 689 2887 nullo
712 2828 851 2887 delectati
874 2847 908 2888 ac
927 2828 1076 2887 modicum

57 2918 220 2976 comedunt
246 2922 276 2976 et
303 2935 387 2993 saepe
415 2918 557 2978 deficiunt
585 2918 616 2975 in
644 2918 731 2977 corde
760 2921 790 2976 et
816 2919 847 2976 in
873 2918 988 2977 viribus
1015 2919 1117 2977 suisao

58 3010 152 3083 atque
173 3007 320 3081 pallidum
343 3008 470 3066 colorem
492 3008 522 3065 in
546 3007 621 3066 facie
647 3007 769 3079 habent3
802 3007 856 3083 qui
878 3008 959 3066 color
979 3012 1076 3066 tamen

57 3096 127 3171 plus
150 3095 254 3154 vindis
278 3116 367 3172 quam
390 3114 507 3155 cerasus
531 3100 664 3172 apparat.
705 3097 745 3154 Et
766 3097 798 3155 hi
821 3097 874 3154 diu
896 3097 996 3155 vivere
1018 3115 1075 3155 non

56 3188 190 3261 possunt,
222 3185 273 3243 sed
296 3187 355 3245 cito
379 3186 557 3256 moriuntur,
590 3186 661 3261 quia
693 3187 796 3245 arvina
818 3205 935 3260 eorum,
967 3187 1009 3244 ita
1041 3189 1077 3242 ut

57 3275 227 3350 praelatum
252 3276 304 3350 est,
328 3295 346 3332 a
368 3275 511 3350 pediculis
534 3275 659 3333 interius
683 3276 819 3335 laeditur.

125 3363 172 3422 Dc
194 3364 315 3423 calculo.
360 3364 457 3423 Homo
481 3368 589 3435 autem,
619 3365 672 3440 qui
699 3364 730 3422 in
757 3365 889 3439 perfecta
912 3364 1007 3421 aetate
1031 3364 1116 3420 escas

57 3455 88 3511 et
111 3452 215 3512 molles
238 3471 336 3512 carnes
360 3456 450 3530 atque
473 3453 609 3512 humidas
632 3455 664 3512 in
692 3471 815 3528 corpore
845 3471 898 3511 suo
926 3452 1014 3510 habet
1046 3453 1076 3510 et

56 3543 182 3619 insuper
205 3541 328 3601 diversis
351 3543 424 3602 cibis
448 3545 478 3601 et
501 3543 634 3601 delicatis
657 3561 773 3618 semper
795 3541 894 3600 utitur
918 3545 1011 3614 atoue
1029 3558 1078 3595 m-
