2460 3862
164 143 227 200 242
241 168 247 180 ·
549 133 796 192 HILDEGARDIS

162 319 263 398 diligit
285 322 373 396 atque
396 338 486 380 novos
510 323 539 379 et
560 319 713 380 instabiles
736 321 868 381 homines
892 320 998 399 diligit,
1020 323 1051 381 et
1064 323 1098 381 in
1114 342 1178 383 cor·

162 429 234 486 pore
264 428 422 470 venenosos
449 411 587 469 humores
614 410 700 469 facile
728 410 817 470 habet
846 414 876 470 et
906 411 949 469 ita
976 430 1063 488 saepe
1096 413 1177 472 infir·

162 503 262 558 matur
295 503 324 558 et
354 519 412 559 non
445 500 498 560 diu
529 500 633 562 vivet„
663 499 694 559 Si
718 504 818 560 autem
844 501 954 560 femina
976 505 1034 574 est,
1060 504 1179 576 camach

163 592 193 648 et
225 608 302 649 vana
335 590 392 648 erit
426 592 455 649 et
488 590 519 647 in
549 589 681 649 moribus
716 590 746 649 et
778 591 810 649 in
843 593 931 669 gestu
964 609 1018 650 suo
1050 596 1120 668 post
1151 611 1181 652 se

136 679 242 738 oviros
269 679 392 751 seducit,
425 682 455 738 et
485 679 516 737 in
547 679 697 739 stomacho
733 680 819 740 facile
849 680 1018 739 infirmatur
1058 685 1089 740 et
1128 683 1180 741 diu

163 788 221 828 non
244 769 333 832 vivet.

229 859 323 918 Lucu
339 858 499 921 tricesimo.
539 858 597 929 cui
619 859 651 916 in
673 858 822 919 tricesima
843 862 915 919 luna
943 860 1126 936 concipitur,
1154 862 1178 920 si

162 949 309 1008 masculus
326 951 378 1024 est,
389 967 504 1025 pauper
517 949 582 1024 erit,
595 952 625 1008 et
637 949 662 1007 si
673 949 780 1008 nobilis
793 952 844 1021 est,
857 968 971 1025 semper
983 950 1022 1008 ad
1037 950 1180 1011 inferiora

163 1038 317 1098 descendet
338 1057 392 1097 nec
414 1038 589 1098 felicitatem
610 1038 739 1115 habebit,
760 1042 790 1099 et
811 1039 843 1098 in
866 1058 995 1115 corpore,
1019 1041 1137 1100 viribus
1152 1043 1181 1100 et

124 1140 150 1184 10
163 1147 248 1187 earne
271 1128 357 1187 facile
381 1127 491 1204 deficit,
524 1128 668 1188 sedeatis
692 1128 744 1187 din
771 1129 861 1192 vivet.
907 1128 938 1187 Si
966 1148 1038 1189 vero
1070 1130 1182 1189 femina

163 1221 215 1294 est,
242 1237 355 1294 pauper
377 1218 435 1277 erit
457 1220 487 1277 et
509 1218 669 1278 worfseiicb
695 1218 727 1276 in
755 1219 883 1294 infamia,
917 1222 947 1278 et
976 1238 1046 1278 eum
1080 1221 1181 1278 alienis

163 1307 331 1366 hominibus
357 1307 499 1366 libentius
531 1311 575 1368 est
598 1327 687 1384 quam
710 1327 779 1368 curn
801 1309 892 1380 notis3
915 1311 945 1368 et
967 1327 1026 1367 non
1049 1311 1180 1370 multum

162 1397 279 1456 infirma
301 1398 332 1456 in
355 1415 476 1473 corpore
499 1398 555 1457 erit
577 1400 607 1457 et
630 1399 700 1456 satis
723 1399 775 1457 diu
799 1399 887 1458 vivet.

231 1486 377 1566 [Quoiam
405 1484 569 1565 placarum
599 1488 705 1548 babae
738 1489 845 1562 quibas
876 1489 958 1547 caris
988 1491 1177 1551 conveniant.

124 1590 150 1634 15
163 1576 300 1636 Sanist
270 1579 300 1636 et
321 1580 441 1653 repente
462 1577 681 1636 infirmantibus
703 1577 826 1636 herbis
818 1598 850 1635 m
865 1578 977 1637 oriente
992 1580 1180 1639 nascentibus

162 1667 394 1726 succurrendum
416 1669 468 1743 est,
500 1667 697 1727 melancolicis
720 1669 787 1727 etl
787 1670 867 1727 atera
889 1667 1059 1727 dolentibus
1082 1669 1181 1729 herbis

162 1757 194 1815 in
227 1756 376 1816 occidente
408 1757 596 1817 nascentibus
631 1756 865 1816 subveniendum
900 1761 951 1833 est,
985 1759 1120 1835 paralysi
1152 1763 1182 1818 et

162 1847 292 1905 fortibus
315 1846 445 1905 febribus
469 1847 622 1906 cotidianis
647 1846 824 1923 dolentibus
847 1804 992 1920 tertiadis,
1027 1849 1179 1924 quartanis

163 1939 193 1994 et
225 1936 256 1994 in
288 1936 438 1995 stomacho
470 1936 637 1995 dolentibus
668 1935 766 1996 herbis
795 1937 826 1996 in
858 1939 958 1996 austro
990 1939 1179 1998 nascentibus

53 2083 54 2086 ,
122 2037 150 2082 20
163 2025 395 2086 subveniendum
418 2028 469 2099 est,
492 2025 642 2085 freneticis
665 2030 696 2085 et
717 2027 749 2084 in
770 2027 866 2086 iecore
889 2026 1059 2086 dolentibus
1081 2028 1179 2088 herbis

163 2116 195 2173 in
218 2116 355 2192 aquilone
377 2116 563 2176 nascentibus
586 2116 818 2175 succurrendum
841 2119 896 2178 cst.

230 2207 277 2266 De
308 2207 504 2279 conceptionis
533 2206 657 2267 diversit
657 2209 712 2266 oie.
764 2205 822 2276 cui
853 2205 889 2266 de
918 2207 1006 2284 nigro
1038 2208 1180 2286 sangnine

163 2295 302 2372 nascitur,
333 2316 406 2372 puer
429 2297 488 2356 aito
457 2294 627 2355 tineedit
653 2295 778 2372 pedibus
808 2297 838 2355 et
866 2296 925 2356 cito
952 2297 1099 2374 loquitur,
1130 2298 1179 2357 sed

54 2424 57 2429 -
164 2387 240 2446 stult
240 2405 275 2446 us
299 2390 382 2446 este
331 2385 553 2446 tetdiffioiles
576 2403 672 2445 mores
687 2385 785 2461 habet,
808 2387 874 2446 et
852 2404 877 2444 s1
892 2385 1104 2459 infirmabitur,
1128 2388 1178 2446 diu

124 2476 341 2554 elanguescat,
375 2476 456 2552 quod
486 2475 572 2552 niger
603 2476 723 2577 sanguis
754 2476 864 2536 livosus
892 2477 937 2535 est
960 2478 1178 2552 etpestuosus

164 2565 271 2637 Infans,
296 2566 348 2642 qni
371 2565 408 2624 de
430 2566 523 2624 rubeo
546 2565 690 2642 sanguine
717 2565 857 2638 nascitur,
889 2564 978 2625 citius
1008 2566 1121 2627 incedit
1151 2569 1179 2626 et

165 2655 252 2714 citius
283 2655 419 2732 loquitur
451 2675 542 2732 quam
571 2655 622 2714 ille
655 2655 692 2714 de
725 2655 810 2732 nigro
843 2655 998 2733 sanguine,
1032 2659 1063 2716 et
1097 2659 1177 2717 velox

164 2745 194 2803 in
225 2764 314 2805 cursu
345 2749 389 2806 est
418 2748 449 2805 et
480 2745 652 2821 repentinus
684 2745 715 2804 in
747 2745 880 2804 moribus
907 2745 968 2805 suis
1002 2748 1032 2804 et
1063 2747 1122 2807 cito
1149 2747 1176 2805 in

164 2835 224 2894 illis
256 2838 348 2895 cessat
380 2838 409 2896 et
437 2854 495 2894 non
526 2835 578 2893 diu
604 2836 738 2913 languet,
768 2835 819 2894 sed
851 2835 910 2894 aito
944 2837 1125 2896 convalescit
1151 2837 1177 2894 et

123 2937 151 2983 30
164 2925 293 3002 piudens
317 2926 382 2989 erit.

254 3015 373 3074 Roboris
395 3016 521 3090 sanquis
542 3032 646 3075 scrius.
692 3013 800 3090 Infans,
825 3013 1037 3091 quidespisso
1054 3017 1176 3075 streete

165 3106 295 3164 colorato
318 3105 460 3182 sanguine
482 3106 622 3181 nascitur,
644 3104 765 3182 pinguis
787 3105 818 3162 in
842 3123 964 3180 corpore
987 3105 1045 3164 erit
1068 3107 1099 3164 et
1120 3106 1176 3166 cito

164 3195 291 3270 incedet,
323 3194 348 3254 si
370 3214 442 3271 prae
464 3197 541 3254 mole
564 3213 687 3271 corpore
715 3197 825 3270 posset3
859 3195 889 3253 et
920 3212 1009 3253 sanus
1039 3197 1097 3270 est,
1130 3194 1177 3254 sed

166 3288 195 3344 et
217 3285 353 3344 manibus
376 3284 435 3343 cito
458 3288 556 3361 reptat
578 3288 608 3344 et
630 3303 689 3343 non
712 3283 764 3342 diu
787 3285 909 3362 languet
931 3287 961 3343 et
976 3284 1108 3360 prudens
1125 3284 1178 3344 erit

126 3374 312 3450 costatilis,
335 3375 366 3434 et
388 3374 507 3452 sanguis
529 3375 585 3434 iste
608 3392 696 3433 sanus
712 3375 764 3435 est.
802 3374 909 3450 Infans,
933 3374 986 3450 qui
1009 3373 1046 3433 de
1070 3391 1176 3450 aquoso

138 3535 143 3545 Ι
166 3466 196 3523 et
217 3465 301 3524 tenui
324 3464 466 3542 sanguina
489 3465 630 3537 nascitur,
654 3482 765 3524 vacuus
787 3463 819 3523 in
841 3463 964 3524 scientia
985 3467 1031 3523 est
1053 3468 1085 3523 et
1098 3463 1175 3522 lebo-

154 3573 225 3614 rare
244 3574 306 3616 non
328 3558 431 3634 potest
454 3558 484 3617 et
506 3555 595 3617 facile
615 3554 815 3614 infirmabitur
841 3572 894 3613 nec
921 3551 1009 3614 facile
1030 3553 1175 3628 irascitur,
