2438 3854
151 142 194 202 52
537 131 786 189 HIIMGARDIS

217 322 265 380 Dc
289 320 416 393 frenesi.
462 319 549 390 Quod
573 320 599 378 ei
620 319 699 379 forte
721 337 829 393 epnme
851 318 899 377 rel
919 317 1074 394 tepidum,
1096 336 1166 395 qnee

149 414 223 469 tnnc
244 410 287 468 ibi
309 413 380 468 sunt
394 412 530 480 attrecta,
552 409 631 468 livor
643 408 865 483 praedictorum
877 407 1072 484 flegmatum,
1094 407 1166 467 scili·

150 504 197 558 cet
218 499 288 558 eicci
310 509 341 558 et
362 498 488 573 humidi,
515 503 546 557 et
567 499 633 557 inre
653 499 686 556 in
709 498 810 574 quiete
832 515 895 556 eece
917 496 1081 568 deberent,
1112 516 1167 556 me

151 588 223 646 dnm
244 605 333 647 tunm
355 589 530 647 excesserint
551 589 630 646 sicet
654 586 745 661 unde,
776 606 854 663 qnee
876 605 969 661 snpra
989 586 1120 646 modum
1140 587 1167 644 11

123 687 229 753 eaque
250 681 399 738 movetur:
421 678 454 735 in
474 696 622 736 venenum
642 681 813 748 vertuntur,
834 679 866 734 et
888 695 924 733 ex
946 675 989 733 eie
1007 675 1086 734 telis
1098 679 1168 735 tem·

149 772 248 841 pestes
270 768 381 842 oritur,
411 766 493 842 quod
515 767 634 824 nullum
655 785 760 824 eornm
781 765 833 823 elii
855 764 1001 824 consentit
1025 768 1061 824 et
1092 764 1169 842 qnod

150 855 281 915 officium
317 875 406 916 snum
441 859 521 914 recte
556 874 617 914 non
651 858 795 916 exercent
849 854 890 912 nt
920 855 981 912 iste
1016 854 1169 928 praedicte

150 945 268 1005 duobus
289 945 493 1022 superioribus
514 945 558 1003 ite
579 943 702 1016 obsunt,
729 943 813 1020 qnod
833 943 933 1002 omnic
955 946 1096 1019 quatuor
1116 943 1169 1003 eibi

149 1040 327 1112 repugnant.
371 1033 610 1109 echonomo,
638 1033 692 1109 qni
717 1032 794 1091 benc
820 1031 1026 1091 diversitatem
1049 1034 1084 1091 et
1105 1050 1168 1092 cen·

112 1124 336 1183 l⁰trerietatem
358 1124 390 1181 in
412 1141 536 1199 corpore
558 1141 614 1182 eno
636 1123 766 1198 petitur,
796 1121 956 1180 freneticus
982 1120 1061 1197 erit,
1092 1121 1167 1199 qnie,

150 1231 219 1272 cum
239 1213 395 1272 interiores
416 1211 556 1271 humores
577 1210 636 1271 eibi
661 1213 787 1271 invicem
814 1211 966 1284 resistam,
997 1209 1094 1270 horno
1120 1211 1169 1270 ille

148 1301 278 1361 inritet
300 1321 331 1361 ve
354 1302 454 1377 ipsum
475 1302 620 1377 decerpit,
648 1301 706 1360 nisi
731 1300 857 1359 funibus
883 1300 1005 1376 ligetur.
1052 1298 1096 1359 Itt
1116 1299 1169 1359 hcc

148 1396 211 1450 tam
233 1390 286 1449 diu
309 1392 389 1466 facit,
411 1409 508 1468 neque
530 1391 602 1449 dnm
623 1390 776 1466 praedicte
797 1407 905 1464 spuma
923 1390 955 1446 et
977 1388 1167 1463 preedictnm

148 1480 284 1557 tepidum
306 1484 460 1540 etwnucta
481 1481 512 1538 in
538 1485 655 1538 rectum
686 1479 821 1538 ordinem
851 1497 941 1537 snum
966 1477 1111 1554 redeunt,
1141 1481 1168 1537 ct

110 1569 312 1646 clangamus
347 1589 407 1629 non
441 1571 507 1628 erit
563 1568 596 1628 Si
626 1573 728 1628 eutem
760 1567 920 1626 humidum
956 1566 1166 1640 superexcellit

148 1659 260 1717 siccum
281 1663 312 1718 ct
337 1660 449 1718 siccum
476 1677 614 1734 spumam
640 1661 672 1716 et
696 1657 847 1732 tepidum,
877 1674 954 1733 qnee
980 1655 1076 1714 etiem
1098 1660 1166 1716 tnnc

149 1748 273 1807 illorum
294 1748 477 1824 subsequens
498 1747 577 1807 livor
598 1752 681 1806 sunt:
709 1747 758 1806 hic
779 1746 868 1804 homo
891 1745 1074 1806 naturaliter
1100 1764 1164 1821 prn-

148 1835 220 1896 dens
242 1838 288 1896 eet
309 1840 340 1895 et
360 1837 475 1896 stabilis
498 1841 529 1895 et
550 1837 582 1894 in
608 1836 655 1895 hie
677 1838 847 1911 perseveret
869 1838 900 1894 et
925 1852 1016 1894 senus
1044 1835 1080 1894 in
1107 1853 1166 1894 ccr-

147 1944 222 2001 pore
244 1930 289 1985 eet
311 1944 345 1984 ec
366 1926 529 2002 longaevus
551 1926 618 1985 crit

108 2020 137 2065 w
216 2016 264 2075 Dc
285 2017 456 2078 contractis.
500 2014 558 2073 Sed
580 2015 606 2073 si
629 2033 735 2090 spuma
757 2017 788 2072 ct
814 2014 963 2089 tepidum,
995 2031 1076 2088 quee
1098 2016 1166 2073 tnnc

148 2105 226 2163 h'vor
248 2104 364 2163 humidi
387 2109 419 2163 et
444 2105 515 2163 sicci
541 2107 625 2178 sunt,
652 2103 774 2162 necdum
796 2121 884 2161 enum
912 2101 1097 2178 transierint,
1127 2103 1166 2161 ite

149 2193 230 2270 quod
261 2212 367 2269 spuma
393 2193 524 2254 escendit
560 2197 590 2252 et
619 2194 704 2252 velut
735 2193 900 2252 ferventem
933 2209 1085 2267 aquosum
1124 2191 1165 2249 fn·

147 2303 232 2342 mum
258 2283 331 2342 fecit
357 2286 388 2342 et
410 2281 492 2359 quod
513 2282 650 2357 tepidum
672 2282 780 2352 stillet,
811 2281 854 2339 sic
875 2282 906 2339 in
929 2280 1081 2339 discordie
1103 2283 1163 2339 tur·

147 2373 248 2433 binem
269 2376 408 2449 perantes
431 2371 575 2432 cervicem
596 2371 725 2430 hominis
747 2371 871 2430 flectunt
894 2388 928 2428 ec
950 2368 1077 2428 dorsum
1106 2368 1166 2428 eins

108 2463 305 2522 &incurvent
336 2464 427 2539 etque
457 2461 572 2520 faciunt
603 2480 671 2520 eum
700 2464 800 2520 totum
836 2461 1036 2533 contractum,
1074 2476 1165 2536 nsque

149 2552 221 2611 dum
243 2552 280 2612 cb
302 2551 359 2611 hoc
381 2551 460 2611 melo
483 2551 654 2622 necavere
678 2550 729 2609 sed
752 2550 805 2608 diu
827 2550 870 2609 sic
892 2549 992 2608 vivere
1016 2551 1127 2624 potest.
1209 2558 1211 2563 '

214 2641 261 2701 Dc
282 2641 388 2700 stultis.
426 2640 463 2698 In
486 2658 546 2717 quo
570 2642 671 2698 eutem
693 2640 804 2698 siccum
826 2638 1008 2698 transcendit
1030 2656 1167 2713 spument

149 2734 180 2788 et
201 2748 307 2805 spuma
328 2728 488 2789 humidum
510 2732 541 2788 et
561 2728 710 2804 tepidum,
738 2728 786 2787 hic
808 2727 840 2785 in
863 2728 993 2787 stultitia
1016 2727 1167 2787 interdum

149 2821 194 2876 est
215 2818 374 2878 iracundus
396 2837 430 2877 ac
456 2816 608 2877 interdum
634 2817 666 2874 in
692 2816 823 2876 stultitia
850 2816 954 2876 lectus.
997 2814 1039 2874 Et
1063 2815 1167 2877 debilis

109 2916 209 2965 eonon
230 2910 275 2966 est
302 2909 333 2966 et
359 2907 547 2982 aliquantum
573 2906 714 2966 robustus
737 2909 768 2965 et
796 2904 849 2963 diu
876 2904 976 2965 vivere
1001 2907 1119 2982 potest,
1144 2903 1168 2965 si

149 2996 288 3055 voluntte
311 2995 358 3053 dei
381 2999 434 3056 est.

215 3086 261 3144 De
278 3084 429 3158 paralysi.
459 3083 546 3154 Quod
568 3085 594 3143 si
616 3084 775 3142 humidum
790 3085 821 3142 et
835 3081 979 3158 tepidum,
1003 3101 1083 3158 qnae
1097 3087 1169 3142 tunc

149 3174 227 3234 livor
248 3173 318 3234 sicci
341 3176 373 3232 et
393 3192 518 3249 spumae
540 3176 617 3249 sunt,
641 3174 764 3232 modum
780 3190 869 3232 suum
883 3171 968 3231 velut
982 3172 1167 3246 periculosus

148 3273 255 3325 ventus
270 3263 443 3338 citaverint,
456 3262 541 3340 queei
551 3263 583 3320 in
598 3263 824 3321 commotionem
835 3263 994 3321 ventorum
1005 3265 1168 3321 vertuntur

109 3362 137 3409 35
150 3358 241 3431 etque
267 3351 470 3430 periculosum
497 3371 604 3412 sonum
630 3351 744 3411 faciunt
774 3351 860 3411 velut
891 3368 999 3409 sonum
1030 3351 1168 3410 tonitrui.

137 3443 184 3500 Et
207 3461 303 3504 ronne
331 3441 386 3502 itte
414 3445 502 3505 sonat
534 3441 566 3502 in
593 3460 685 3502 venae
717 3443 749 3500 et
776 3441 814 3497 in
839 3439 990 3496 mednttee
1016 3442 1110 3510 etque
1138 3440 1169 3497 in

122 3531 264 3606 tempore
286 3533 426 3600 hominis
447 3536 547 3602 illius.
577 3533 671 3596 Unde
689 3531 747 3608 qni
756 3528 838 3586 neec
855 3524 989 3597 etima
1005 3523 1191 3590 tuditi-W
