2460 3862
128 146 192 206 172
514 135 761 194 Hmouassms
851 175 855 185 .

126 324 178 384 isti
202 324 237 382 de
260 326 340 382 terra
363 325 441 398 sunt,
464 323 545 381 calor
566 321 673 382 ruthae
697 325 728 382 et
749 323 829 382 calor
851 323 1032 382 malliacum
1045 323 1127 382 calore

125 414 196 488 vini,
213 413 266 489 qui
280 430 401 471 succum
416 431 505 470 suum
521 411 558 470 de
572 415 653 471 terra
667 411 767 484 traxit,
779 412 821 471 eis
833 417 970 488 prosunt,
982 431 1050 472 oum
1063 411 1126 470 mica

126 502 210 578 panis
225 501 297 578 ipsis
314 501 488 575 imponitur,
508 519 584 577 quae
600 500 689 559 etiam
704 501 783 560 vires
798 519 866 560 suas
883 501 920 561 de
940 505 1023 560 terra
1043 500 1127 562 habet

194 591 241 650 Dc
264 591 414 650 oculorum
436 589 583 664 altupiae.
624 583 687 671 1)Si
709 590 777 665 quie
800 590 973 667 albuginem
995 591 1027 649 in
1049 589 1128 650 oculis

101 680 252 756 epatitur,
287 699 356 738 oum
378 679 480 738 eadem
503 680 613 756 albugo
635 697 735 738 reeens
767 683 819 756 est,
853 698 953 740 recens
985 680 1027 740 fel
1058 679 1128 740 boris

127 769 253 845 accipiat
276 770 371 828 etita
393 772 526 828 recenter
548 768 642 828 oculis
664 769 726 828 suis
748 769 780 826 in
801 772 887 828 nocte
908 773 1090 846 superponat
1107 769 1130 826 et

127 859 268 935 ligamine
291 858 382 933 panni
405 859 487 935 liget,
509 876 547 916 ne
569 858 696 934 labatur,
720 862 751 916 et
766 859 808 916 sic
821 877 876 934 per
889 858 1030 918 triduum
1044 858 1129 926 faciat,

128 948 209 1024 quod
236 946 404 1006 amaritudo
433 946 564 1006 eiusdem
591 947 668 1007 fellis
696 947 827 1006 dolorem
860 947 940 1008 hunc
973 948 1081 1007 scindit
1107 948 1131 1005 et

128 1038 234 1099 aufert.
280 1036 338 1095 Sed
360 1040 459 1095 tamen
486 1030 601 1095 modice
633 1037 732 1108 faeiat,
766 1055 803 1095 ue
837 1037 906 1096 inde
940 1037 1083 1110 laedatur,
1111 1035 1131 1094 si

87 1135 115 1180 (ο
127 1145 218 1202 supra
241 1126 363 1185 modum
386 1125 443 1184 hoc
465 1125 578 1189 fecerit.
623 1125 695 1185 Post
715 1124 852 1184 triduum
874 1129 975 1186 autem
989 1126 1130 1203 fenugnc

126 1234 194 1274 oum
210 1218 310 1274 sumat
325 1218 355 1273 et
370 1217 470 1274 rosato
487 1215 553 1274 oleo
569 1215 723 1290 immittat,
741 1218 771 1274 et
785 1214 829 1275 ita
844 1216 940 1276 oculis
954 1215 1130 1292 superponet

127 1305 268 1380 quoniam
290 1304 348 1362 hoc
370 1305 491 1364 suavius
507 1308 561 1378 est,
584 1307 614 1363 et
627 1322 725 1379 panno
745 1304 828 1380 liget,
848 1305 925 1381 'quia
940 1306 1033 1365 etiam
1047 1303 1131 1365 auaris

126 1393 275 1470 frigiditas
307 1393 477 1470 fenugraeci
504 1412 573 1451 cum
595 1393 681 1452 suari
707 1396 939 1468 temperamento
967 1395 1061 1454 roseti
1084 1391 1130 1452 olei

127 1482 249 1542 candem
264 1483 434 1560 albuginem
450 1501 517 1541 cum
532 1484 669 1558 praefato
683 1482 752 1541 felle
768 1483 886 1542 scissam
902 1484 1026 1544 suavius
1037 1483 1131 1542 aufert

87 1581 113 1625 1⁵
193 1572 239 1631 Dc
262 1572 414 1631 conforma
437 1571 581 1632 lacrimis.
621 1570 653 1630 Si
670 1572 737 1647 quis
752 1571 907 1632 humentes
923 1573 1035 1644 oculos,
1060 1569 1132 1650 quasi

127 1661 326 1735 lacrimantur,
349 1660 453 1732 habet,
484 1662 592 1720 folium
616 1660 651 1719 de
673 1660 741 1736 ficu,
775 1660 855 1736 quod
877 1665 964 1720 nocte
986 1680 1055 1721 rore
1077 1679 1132 1738 per·

128 1750 230 1808 fusum
264 1752 320 1825 est,
354 1752 450 1825 tollat,
485 1768 553 1808 cum
587 1750 664 1808 illud
687 1751 732 1808 sol
759 1750 791 1807 in
813 1752 985 1810 ramusculo
1008 1770 1063 1810 suo
1084 1751 1133 1808 ian

65 1912 69 1925 ,
128 1839 269 1913 calefecit,
295 1843 325 1897 et
347 1839 390 1896 ita
413 1839 542 1898 calidum
565 1840 659 1898 oculis
683 1839 744 1898 suis
767 1838 805 1897 ad
828 1840 1074 1915 compescendum
1087 1838 1132 1896 hu·

128 1945 240 1986 morem
272 1932 461 2003 superponat,
495 1947 591 2003 usque
624 1927 696 1986 dum
729 1929 761 1986 in
784 1947 818 1987 eo
841 1928 956 1989 modice
978 1929 1133 1990 incalescat

87 2025 115 2070 2ο
129 2015 215 2085 Quod
237 2017 262 2075 ei
285 2016 391 2076 folium
413 2018 487 2077 ficus
510 2037 568 2077 non
591 2017 742 2089 habuerit,
769 2017 876 2076 folium
905 2017 941 2076 de
964 2019 1047 2078 erlca
1069 2016 1132 2077 aeci·

127 2106 192 2181 piat
215 2109 245 2164 et
267 2106 339 2164 item
361 2111 507 2167 nocturno
530 2126 598 2165 rore
620 2106 777 2182 perfusum
800 2125 834 2165 ac
855 2108 961 2183 postea
974 2107 1060 2167 radio
1074 2106 1134 2166 solis

128 2195 304 2254 calefactum
327 2196 420 2255 oculis
443 2197 513 2270 suis,
536 2200 572 2255 ut
593 2196 780 2272 praedictum
803 2200 855 2271 est,
884 2199 1029 2273 apponat,
1052 2203 1082 2257 et
1100 2195 1135 2254 sic

127 2304 186 2344 uon
202 2285 283 2343 omni
300 2285 347 2344 die
362 2286 460 2356 faciat,
474 2285 525 2345 sed
540 2286 630 2344 tertia
645 2285 692 2344 die
708 2287 738 2344 et
752 2285 842 2344 semel
857 2287 977 2344 tanturn
992 2306 1048 2362 per
1058 2286 1135 2345 diem.

128 2373 159 2432 Si
182 2377 282 2434 autem
305 2374 378 2433 folia
399 2376 471 2434 haec
486 2393 545 2433 non
560 2375 707 2450 habuerit,
733 2366 881 2450 ²)gumrni
900 2374 938 2434 de
958 2377 1075 2450 paraico
1095 2373 1135 2433 rel

87 2472 115 2517 25
130 2463 166 2522 de
189 2466 274 2539 prino
298 2465 424 2540 accipiat
447 2468 477 2522 et
499 2467 593 2523 testae
615 2465 699 2523 nucis
721 2464 837 2523 modice
850 2463 1007 2539 imprimat
1027 2484 1062 2525 ac
1080 2481 1135 2524 eam

129 2553 171 2611 sic
194 2553 232 2611 ad
254 2554 385 2629 ignitum
407 2554 531 2611 laterem
553 2553 601 2612 vel
625 2553 661 2610 ad
685 2552 812 2629 ignitam
836 2557 867 2611 et
889 2554 1023 2613 clausam
1045 2555 1136 2614 forna·

126 2661 190 2700 cem
212 2642 326 2701 modice
349 2642 520 2702 calefactam
544 2642 636 2701 oeulis
653 2642 867 2718 circumponat,
891 2642 965 2701 dum
979 2644 1136 2703 incalescat

125 2731 165 2787 llt
190 2730 246 2789 hoc
274 2750 388 2806 semper
420 2735 528 2806 quarta
558 2731 605 2789 die
635 2731 726 2790 faciat
758 2735 788 2791 et
819 2733 910 2790 semel
943 2732 975 2790 in
1014 2733 1071 2804 die,
1105 2747 1136 2789 ue

128 2820 194 2892 <si>
219 2837 310 2895 supra
338 2820 502 2895 (modum)
529 2820 641 2895 fecerit,
665 2820 817 2879 medentes
837 2821 939 2880 oculos
953 2822 1024 2897 plus
1048 2819 1137 2880 laedat

84 2917 217 2983 coquam
247 2909 288 2967 eia
316 2913 479 2969 succurrat.
524 2907 600 2966 Nam
628 2909 707 2968 calor
738 2909 811 2968 licus
838 2913 869 2968 et
890 2909 1042 2987 frigiditas
1065 2910 1138 2971 erun

126 2998 249 3056 naturae
264 2997 353 3056 huius
376 3003 453 3070 sunt,
478 2998 559 3074 quod
574 2998 783 3057 humiditatem
798 2999 836 3056 ad
851 3017 882 3058 se
896 2998 1031 3062 trahunt.
1069 3000 1138 3058 Rore

128 3089 227 3145 autem
263 3087 488 3162 perfundantur,
522 3090 559 3146 ut
592 3088 741 3147 suavitate
775 3088 838 3147 eius
870 3087 1008 3148 viriditas
1041 3106 1138 3148 eorum

126 3179 318 3252 temperetur,
343 3179 373 3235 et
395 3177 486 3235 etiam
509 3177 605 3235 calore
627 3177 706 3248 eolis,
738 3179 791 3252 qui
822 3195 943 3237 succum
975 3196 1083 3236 eornm
1105 3174 1138 3234 ad

126 3267 278 3326 lenitatem
305 3265 412 3341 trahit,
446 3285 481 3324 ne
513 3266 581 3326 ocul
582 3285 614 3324 os
647 3267 755 3328 laedat.
812 3265 927 3326 Sedet
896 3268 1075 3343 guetmi
1106 3265 1138 3323 de

198 3476 219 3544 ι)
246 3493 272 3529 v.
291 3474 377 3529 4-11
400 3499 431 3518 =
452 3474 548 3544 urguo
574 3474 641 3529 reae
665 3474 694 3528 o.
715 3505 748 3514 -
768 3475 791 3544 ²)
814 3492 840 3528 v.
859 3473 966 3530 24-22
986 3500 1019 3520 =
1047 3475 1140 3545 mgna

128 3546 199 3600 1222
218 3546 307 3602 a-o.
