2460 3862
353 119 493 174 CAUSAE
512 118 558 172 ΕΤ
577 119 699 175 ΟΠΒΔΕ
718 119 785 174 LIB.
804 118 838 171 ΙΙ.
1039 122 1101 182 133

80 324 152 363 nem
185 303 378 364 excreationis
408 321 535 365 movere.
581 304 640 374 Qui
671 304 749 363 enim
779 303 809 360 in
839 304 976 380 flegmate
1004 321 1104 379 super·

79 394 260 453 habundant
283 396 313 451 et
335 393 441 468 flegma
463 412 521 450 non
545 394 662 469 eiciunt,
685 393 808 451 infirmis
832 395 861 452 et
882 392 1027 452 debilibus
1043 411 1104 451 car·

85 482 178 541 nibus
201 501 231 540 se
256 485 387 556 onerant,
412 485 441 540 et
463 482 528 541 ideo
552 484 615 541 sani
638 502 696 542 non
719 486 789 549 sunt
810 501 863 540 nec
885 483 948 541 sani
964 501 1024 541 esse
1039 500 1105 558 pos·

86 576 170 632 sunt.
201 571 260 641 Qui
275 575 374 629 autem
389 571 420 627 in
436 571 573 647 flegmate
588 571 858 647 superhabundant,
874 572 899 630 si
914 572 1020 648 flegma
1036 571 1103 630 eici·

84 665 152 735 unt,
187 660 374 736 aliquantum
396 660 546 718 macilenti
570 665 599 720 et
622 662 684 720 sani
707 661 738 719 in
761 679 884 736 corpore
906 660 990 735 fiunt,
1024 659 1135 737 quode

85 750 189 810 sordes
212 750 278 808 illas
301 749 330 806 in
355 767 385 807 se
402 767 462 807 non
477 751 613 809 retinent.
652 749 709 809 Sed
733 751 785 826 qui
799 751 907 826 flegma
922 769 980 808 non
995 750 1107 809 eiciunt

86 845 119 899 et
141 838 210 896 inde
232 838 434 896 infirmitatem
455 839 641 915 contrahunt,
664 842 700 898 ut
714 840 882 914 praefatum
903 842 955 910 est,
979 839 1107 914 potioni-

85 930 145 989 bus
169 931 295 986 utantur
317 931 347 986 et
369 946 422 1001 per
445 947 493 986 eas
516 932 695 1006 purgentur.

159 1018 204 1076 Dc
226 1018 448 1078 deauratione.
493 1017 568 1076 Ourn
596 1019 715 1095 sanguis
737 1017 864 1076 hominis
887 1018 919 1075 in
940 1016 1022 1076 venis
1045 1016 1107 1075 suis

86 1107 218 1182 vigilans
241 1107 270 1164 et
291 1106 377 1164 velox
400 1111 526 1179 nonest,
550 1106 600 1166 sed
623 1126 691 1166 cum
714 1107 790 1167 iacet
812 1108 896 1167 velut
918 1105 1053 1182 dormiat,
1077 1108 1150 1165 etro

85 1215 156 1255 cum
178 1195 318 1253 humores
340 1195 371 1252 in
395 1214 428 1254 eo
444 1197 556 1255 veloces
579 1215 636 1255 non
661 1197 797 1256 suntsed
813 1196 915 1271 tepidi,
939 1196 1037 1254 anima
1052 1195 1109 1253 hoc

85 1287 215 1346 sentiens
246 1303 280 1343 ex
312 1287 419 1342 natura
450 1303 504 1343 sua
534 1288 634 1344 totum
657 1303 765 1360 corpus
787 1305 840 1360 per
862 1285 1109 1344 sternutationem

76 1368 221 1434 ‘concutit
243 1376 272 1431 et
294 1373 468 1449 sanguinem
492 1393 525 1432 ac
551 1375 691 1433 humores
713 1375 841 1433 hominis
856 1376 967 1433 iterum
983 1373 1020 1433 ad
1035 1373 1109 1450 vigi·

85 1465 210 1523 lantiam
246 1466 276 1521 et
309 1462 346 1520 ad
380 1465 491 1521 statum
528 1483 616 1522 suum
639 1465 736 1523 redire
759 1465 842 1526 facit.
885 1462 960 1522 Nam
984 1463 1009 1522 si
1032 1480 1110 1538 aqua

84 1572 140 1629 per
164 1552 308 1627 procellas
334 1554 364 1610 et
385 1571 439 1626 per
460 1552 666 1612 inundationes
694 1573 752 1612 non
779 1556 959 1629 moveretur,
991 1554 1109 1628 putres·
1123 1561 1151 1607 la

88 1645 183 1714 caret;
206 1641 249 1700 ita
271 1640 359 1699 homo
383 1641 408 1699 si
427 1660 486 1699 non
502 1643 684 1701 sternutaret
697 1642 745 1701 vel
761 1643 785 1701 si
800 1661 904 1701 nasum
920 1661 975 1718 per
989 1659 1107 1700 emunc-

89 1732 203 1791 tionem
226 1749 285 1788 non
308 1734 458 1806 purgaret,
481 1731 607 1790 interius
629 1734 820 1805 putresceret.

158 1820 203 1879 Dc
225 1819 387 1893 supputata
407 1821 493 1891 duca
516 1838 535 1879 α
558 1822 693 1880 acribus.
739 1819 815 1878 Oum
846 1822 946 1879 autem
978 1820 1110 1879 homines

89 1928 229 1986 magnam
252 1908 436 1966 iracundiam
447 1911 477 1967 et
492 1913 693 1968 contumacem
709 1913 838 1968 mentem
853 1909 932 1968 intra
947 1928 978 1968 se
993 1910 1109 1980 habent,

89 2001 134 2058 ita
164 2001 264 2056 tamen
295 1997 374 2072 quod
406 2017 441 2055 ex
470 2000 571 2076 aliqua
603 2017 689 2058 causa
720 1999 892 2057 inaudaciae
920 2018 973 2058 seu
995 1999 1110 2057 timoris
1124 2007 1153 2053 20

91 2107 145 2148 seu
168 2085 291 2161 pudoris
304 2087 454 2146 constricti
465 2087 536 2147 haec
547 2107 600 2163 per
610 2089 764 2147 tristitiam
776 2088 823 2147 vel
836 2108 906 2165 prae
922 2087 1111 2164 impossibili-

90 2181 156 2238 tate
179 2195 239 2234 non
263 2175 421 2234 ostendunt
444 2196 496 2237 nec
527 2178 697 2254 proferunt,
731 2180 803 2237 tunc
836 2177 987 2236 interdurn
1020 2194 1111 2235 venae

90 2264 208 2326 cerebri
240 2268 269 2323 et
301 2265 370 2323 colli
397 2285 430 2325 ao
453 2268 581 2341 pectoris
604 2286 705 2325 eorum
729 2286 800 2343 prae
823 2266 1031 2325 contrarietate
1053 2265 1112 2322 ista

90 2359 255 2430 erumpunt
278 2358 308 2412 et
329 2354 511 2431 franguntur
533 2361 562 2415 et
584 2376 638 2431 per
661 2357 776 2415 aditum
809 2359 838 2414 et
869 2374 923 2431 per
954 2355 1020 2429 iter,
1051 2371 1111 2429 quo

91 2446 200 2505 odores
221 2442 258 2501 ad
273 2463 356 2502 nares
372 2450 539 2522 portantur,
562 2446 735 2506 efferuntur.
780 2444 836 2502 Sed
853 2449 882 2503 et
897 2443 1018 2521 quidam
1033 2443 1111 2516 sunt,
1125 2452 1153 2498 aa

92 2535 148 2611 qui
184 2537 237 2590 aut
271 2552 337 2592 oum
370 2535 452 2593 vanis
487 2539 516 2594 et
546 2535 636 2594 variis
671 2533 898 2610 cogitationibus
921 2534 1112 2607 occupantur,

91 2641 168 2699 quas
191 2626 289 2680 tamen
312 2623 451 2698 perficere
475 2643 533 2683 non
556 2627 688 2699 possunt,
712 2625 765 2681 aut
788 2641 855 2680 cum
878 2640 954 2698 vaga
974 2621 1111 2687 etbdisso·

91 2714 160 2771 luta
192 2715 288 2770 mente
321 2713 356 2770 de
388 2713 453 2772 loco
485 2714 516 2771 in
547 2715 645 2772 locum
668 2714 816 2789 vagantur
838 2715 892 2770 aut
914 2729 982 2769 cum
1011 2711 1112 2769 incon-

92 2801 187 2861 suetis
210 2801 342 2860 moribus
366 2805 419 2860 aut
442 2821 510 2861 curn
534 2803 663 2861 resoluta
685 2802 805 2861 lascivia
835 2799 890 2858 bac
923 2804 953 2859 st
984 2800 1054 2859 illac
1083 2800 1114 2857 in

92 2893 192 2950 menta
216 2909 269 2949 sua
290 2891 477 2966 proiciuntur
493 2894 523 2950 et
545 2892 587 2951 sic
610 2891 696 2966 quasi
720 2891 750 2948 in
771 2891 930 2948 amentiam
945 2892 1114 2962 vertuntur,
1128 2897 1156 2944 ω

93 2982 136 3040 ita
161 2981 241 3056 quod
264 2999 317 3038 nec
340 2981 441 3039 oculos
463 3000 516 3040 neo
539 2981 644 3039 faciem
669 2998 753 3038 suam
776 2983 856 3037 recto
881 2982 963 3037 statu
983 2982 1014 3037 et
1029 2980 1116 3055 gestu

92 3071 204 3128 habere
236 3070 341 3130 sciunt.
387 3071 469 3129 Tunc
496 3071 532 3128 de
559 3071 644 3146 vagis
677 3068 905 3145 cogitationibus
933 3067 998 3127 istis
1025 3086 1115 3126 venae

93 3160 209 3220 cerebri
232 3163 262 3217 et
285 3159 353 3217 colli
376 3178 410 3217 ac
432 3160 559 3235 pectoris
587 3160 720 3234 ipsorum
751 3159 921 3233 erumpunt,
957 3158 1000 3216 ita
1034 3156 1114 3232 quod

93 3249 217 3325 sanguis
241 3248 276 3306 de
298 3249 420 3307 naribus
444 3268 554 3323 eorum,
577 3251 614 3306 ut
635 3247 821 3322 praedictum
841 3249 893 3320 est,
918 3246 1022 3315 effluit,
1045 3245 1115 3319 quia

94 3357 191 3399 vanae
214 3338 409 3414 cogitationes
433 3342 462 3396 et
477 3357 568 3396 vanae
588 3341 699 3396 mentes
714 3336 835 3394 illorum
850 3335 1013 3409 praedictas
1029 3341 1156 3391 renasca

96 3428 241 3487 attollunt
275 3430 303 3486 et
337 3429 509 3504 sanguinem
541 3428 680 3486 educunt.
733 3425 773 3483 Itt
804 3425 894 3483 etiam
929 3442 995 3482 cum
1028 3422 1115 3480 homo

96 3516 248 3577 interdum
281 3521 341 3576 tam
371 3519 402 3575 in
433 3537 518 3576 carne
551 3537 640 3593 quam
670 3516 701 3574 in
723 3515 804 3574 venis
827 3532 919 3590 supra
940 3512 1066 3570 modurn
1085 3512 1121 3568 in
