2460 3862
357 135 499 191 CAUSAE
517 135 563 190 ΕΤ
582 135 705 190 OURAE
724 135 791 191 LIB.
811 133 860 190 IV.
1060 139 1122 201 201

96 335 208 378 earnes
232 320 263 377 et
283 318 392 394 pisces3
427 320 478 379 sed
500 321 575 380 allec
602 323 633 380 61
659 320 821 379 salmonem
843 319 970 392 devitet,
1003 318 1124 379 bovinas

95 427 229 485 quoque
260 426 359 468 carnes
389 411 419 467 et
451 427 568 469 caseum
601 412 632 468 et
664 427 766 485 grosse
798 411 828 467 et
860 409 952 468 crude
984 409 1064 468 olera
1096 412 1126 468 et

93 516 232 573 porrum
262 497 374 556 devitet
402 501 491 573 atque
523 498 672 576 siliginem
700 498 736 558 ed
764 499 940 558 ordeaceum
967 517 1074 573 penem
1097 502 1127 557 et

97 585 311 664 quidcumque
334 605 430 646 assum
455 590 507 662 est,
530 590 647 664 praeter
670 606 764 646 assam
779 587 884 662 piram,
907 593 967 646 non
983 587 1126 648 comedat.
1176 661 1177 665 Ἰ

94 673 183 735 Nam
215 675 314 734 omnia
347 675 420 736 haec
450 677 606 752 pulverem
635 676 847 737 intestinorum
880 676 993 735 duritie
1025 680 1055 736 61
1084 689 1153 735 665

95 765 236 842 peritate
259 782 313 823 sua
336 771 515 842 exasperant,
546 768 577 824 et
598 785 678 842 aqua
700 766 825 824 livorem
847 766 879 824 in
901 767 942 824 ais
963 769 1064 840 parat3
1097 768 1127 825 at

95 854 174 914 ideo
198 853 319 912 interim
343 855 415 912 dum
437 854 560 914 vitanda
587 857 670 928 sunt;
701 855 803 915 vinum
836 857 936 914 eutem
966 855 1063 913 calore
1094 875 1127 913 66

98 943 296 1020 constringit.

174 1033 221 1092 Dc
241 1034 327 1104 flacc
348 1034 518 1108 6666616616.
563 1032 596 1093 Si
618 1033 685 1110 quis
707 1035 819 1092 fluxum
848 1033 1000 1111 sanguinis
1028 1031 1126 1104 habet,
1178 1095 1180 1098 ,

101 1122 210 1198 accipe
245 1122 318 1180 duos
348 1122 467 1181 vitellos
502 1123 552 1182 ovi
584 1125 615 1181 et
649 1141 698 1182 eos
732 1123 911 1198 distempera
947 1126 977 1181 et
1004 1140 1126 1181 succum
1141 1135 1167 1180 10

101 1214 219 1271 metrae
250 1211 336 1286 adde,
368 1215 513 1288 quantum
541 1213 684 1271 medietas
716 1213 805 1271 unius
836 1212 945 1286 vitelli,
982 1214 1011 1270 61
1043 1211 1127 1287 aceti,

103 1302 256 1376 quantum
285 1301 361 1358 duae
394 1302 487 1360 testae
522 1302 571 1361 ovi
601 1303 735 1377 capiunt,
768 1304 798 1360 61
824 1304 897 1360 1666
919 1301 1069 1360 modicum
1092 1300 1128 1359 de

104 1390 234 1466 pulvere
250 1389 407 1448 cinemomi
422 1392 452 1448 61
468 1390 504 1448 (16
519 1391 643 1466 pulvere
658 1393 757 1450 611666
768 1391 875 1464 minus,
890 1410 981 1466 quam
995 1390 1128 1465 pulvenis

109 1478 268 1538 cinamomi
291 1478 342 1550 sit,
374 1479 416 1537 eis
438 1479 580 1556 immitte,
614 1482 644 1538 61
667 1498 735 1538 cum
757 1479 829 1538 baec
852 1479 942 1538 simul
964 1479 1126 1553 miscueris,

110 1585 178 1626 cum
201 1567 316 1626 modica
338 1586 416 1642 aque
446 1569 550 1640 suffore
581 1569 770 1645 aliquantum
799 1569 927 1644 spissum
957 1567 1026 1626 inde
1054 1586 1127 1644 para
1142 1577 1168 1622 15

110 1660 141 1716 et
163 1656 201 1714 da
223 1656 280 1729 illi,
314 1655 367 1731 qui
389 1657 504 1715 fluxum
531 1657 684 1734 sanguinis
707 1658 830 1733 patitur,
853 1657 968 1717 modice
996 1657 1127 1715 calidum

110 1749 172 1804 tam
195 1745 295 1804 ieiuno
319 1764 408 1821 qnam
431 1764 539 1822 pranso
563 1748 600 1805 ad
623 1746 816 1819 sorbendum,
845 1748 875 1805 61
896 1747 938 1805 sic
961 1765 1048 1823 seepe
1070 1746 1126 1818 fac,

112 1837 142 1894 61
164 1835 272 1893 melius
294 1833 425 1895 hebebit.

177 1924 255 1982 Item
270 1923 306 1982 de
319 1926 405 1996 flacc
419 1924 580 1999 6666661616
590 1941 648 1998 per
658 1927 835 1998 posteriora.
859 1924 915 1995 Qui
931 1925 1046 1984 fluxum
1062 1943 1125 1984 san·

113 2013 211 2090 guinis
221 2013 345 2087 patitur,
355 2015 590 2073 brombcrocrctb
599 2017 630 2072 61
640 2015 686 2073 bis
697 2017 815 2073 tantum
824 2014 993 2076 blotbcrotb
1004 2014 1129 2090 accipiat
1142 2023 1169 2069 ao

112 2104 143 2160 et
162 2101 277 2161 modice
299 2101 422 2178 tundat,
452 2103 563 2162 scilicet
585 2122 681 2180 nsque
704 2103 777 2161 dum
799 2121 920 2162 succum
947 2103 1065 2180 reddat,
1098 2107 1128 2162 et

113 2191 206 2251 sicin
230 2190 333 2250 vinum
356 2194 447 2267 ponat
469 2196 500 2251 61
522 2193 600 2251 16166
623 2192 723 2252 cibum
746 2194 776 2250 et
798 2197 866 2268 post
887 2193 987 2251 cibum
1003 2193 1128 2252 sednon

113 2279 228 2339 ieiunus
258 2281 350 2339 bibet.
399 2281 646 2340 Brcmbcrccrulb
675 2277 755 2341 enim
784 2284 814 2339 et
846 2281 1010 2340 blctbcratb
1043 2283 1128 2357 quasi

114 2369 149 2428 de
178 2368 295 2444 liquore
327 2370 480 2447 sanguinis
510 2389 631 2429 succum
662 2371 785 2437 habent,
818 2372 848 2428 61
875 2369 945 2428 haec
967 2388 1035 2429 cum
1057 2370 1127 2429 vino

113 2461 277 2534 temperata
308 2459 404 2518 calore
439 2462 470 2517 et
507 2460 620 2536 frigore
659 2479 713 2518 suo
751 2459 920 2517 effluentem
954 2459 1128 2534 sanguinem
1141 2468 1168 2514 25

114 2548 228 2619 sedant3
252 2550 282 2606 et
304 2567 321 2605 6
343 2567 451 2624 pranso
474 2547 594 2607 homine
617 2551 786 2622 sumuntur,
809 2551 845 2606 ut
867 2547 1041 2623 sanguinem
1061 2566 1128 2606 oon-

115 2637 269 2713 stringant,
295 2638 348 2712 qui
370 2641 442 2697 tunc
466 2637 539 2697 cibis
560 2638 688 2696 hominis
711 2637 847 2696 accurrit.
889 2636 1027 2695 Farinam
1051 2654 1125 2712 quo·

115 2745 172 2802 qne
198 2725 313 2784 similae
335 2726 461 2802 accipiat
492 2730 523 2786 et
549 2746 583 2786 ex
611 2747 645 2786 ea
672 2746 740 2786 cum
763 2726 826 2786 solo
850 2726 936 2784 melle
959 2729 989 2784 61
1012 2725 1127 2786 modico

114 2817 172 2874 sele
196 2816 331 2874 tortellos
357 2816 449 2875 faciat
476 2819 506 2875 et
533 2835 583 2876 eos
611 2817 753 2878 comedet.
799 2815 874 2874 Nam
896 2815 992 2873 ferina
1015 2815 1128 2875 similae

115 2905 211 2964 calore
235 2910 265 2964 et
287 2904 464 2964 fortitudine
485 2924 538 2965 sua
561 2924 676 2964 carnem
699 2906 827 2964 bominis
850 2923 978 2965 crescere
1005 2905 1168 2965 1661161316

115 2993 260 3054 iniustum
282 2993 340 3052 1166
362 2995 514 3072 sanguinis
537 2995 700 3071 concludit,
726 2996 836 3054 etmel
863 2995 960 3054 calore
988 2997 1018 3054 61
1040 3013 1127 3054 succo

116 3101 168 3144 sno
192 3083 340 3142 iniustum
363 3084 537 3160 sanguinem
559 3083 653 3158 sedet,
687 3103 720 3144 66
743 3084 823 3143 66166
845 3084 914 3143 selis
937 3103 1006 3143 eum
1029 3085 1127 3143 siccet.

116 3171 153 3234 Et
175 3191 244 3233 eum
266 3173 357 3232 simul
379 3174 594 3249 temperantur,
626 3173 737 3232 iniuste
764 3174 933 3232 effluentem
955 3174 1128 3249 sangninem

117 3263 273 3323 continent.
318 3261 441 3320 Interim
464 3265 564 3320 autem
586 3262 659 3320 dum
681 3262 884 3322 infirmitatem
906 3263 981 3322 hanc
1003 3262 1127 3338 patitur,

117 3369 220 3425 panem
239 3351 391 3410 triticeum
407 3351 549 3421 comedat,
572 3351 622 3409 sed
645 3351 815 3428 siligineum
835 3355 865 3411 et
885 3351 1059 3410 ordeaceum
1080 3351 1126 3409 de·
1140 3361 1167 3406 65

118 3443 197 3513 vitet,
221 3439 343 3498 bovinas
366 3459 485 3515 quoque
508 3457 607 3498 carnes
636 3444 666 3498 61
688 3441 823 3516 porcinas
851 3443 881 3499 61
903 3458 1001 3498 omnes
1025 3439 1127 3514 pisces,

120 3530 169 3604 qui
202 3547 340 3605 squamas
372 3548 430 3588 non
460 3527 583 3602 habent,
618 3547 651 3587 ao
678 3548 795 3588 caseum
823 3531 853 3587 61
879 3529 972 3588 cruda
995 3528 1077 3586 olera
1098 3532 1131 3586 et
