2460 3862
349 138 493 196 crustu
510 140 562 195 ΕΤ·
577 139 698 196 GURAE
716 140 782 197 LtB.
802 142 837 198 11.
1036 148 1098 208 123

76 327 199 397 tulerit,
228 325 326 386 minus
354 325 423 384 inde
446 325 567 397 dolebit,
605 345 695 402 quam
729 327 754 384 61
785 327 916 386 multum
949 327 1100 405 sanguinis
1186 374 1191 387 ,

78 418 112 476 11
134 416 271 474 mediana
293 414 418 475 auferat.
463 414 503 473 Et
532 418 595 472 tam
628 415 660 472 in
691 414 787 474 hicme
820 435 910 492 quam
936 417 968 476 in
991 419 1100 477 aestate

77 508 113 564 in
127 509 258 582 utroque
272 503 392 563 brachio
407 504 440 562 in
455 503 614 579 praedictis
629 503 711 564 venis
726 505 814 564 homo
829 504 953 565 licenter
967 507 1100 565 minuero

78 595 195 671 poterit
217 595 380 654 secundnm
402 593 579 669 qualitatem
603 593 812 652 infirmitatum
835 613 966 653 suarum.
1008 596 1048 654 Et
1070 596 1101 653 in

78 684 128 743 his
151 682 250 742 tribus
272 683 363 758 venis,
387 682 499 741 scilicet
521 682 552 740 in
580 681 739 758 cephalica,
772 683 803 740 in
837 683 974 742 mediana
1006 688 1037 744 et
1069 686 1127 743 ino

80 773 198 850 epatica
219 773 377 848 praecipue
399 771 528 830 minutio
552 771 704 848 sanguinis
726 771 787 847 fiat,
815 772 886 847 quia
907 773 988 848 ipsae
1010 793 1101 833 venae

79 863 168 922 velut
190 864 279 938 capnt
305 866 336 922 et
367 860 595 919 fundamentum
625 860 752 919 aliarum
782 879 923 920 venarum
958 865 1037 936 sunt,
1071 866 1101 921 61

81 951 225 1028 quoniam
258 969 359 1010 omnes
382 952 495 1008 ceterae
517 951 642 1008 venulae
666 950 703 1008 ad
725 951 805 1026 ipsas
828 951 955 1009 tendunt
977 952 1007 1009 61
1028 952 1121 1027 ipsis¹

82 1058 214 1101 annexae
244 1043 328 1111 sunt3
363 1041 394 1098 61
424 1038 492 1098 ideo
525 1042 638 1098 ceterae
667 1039 791 1098 venulae
827 1057 895 1098 raro
921 1040 1101 1116 incidantur,

81 1128 225 1206 quoniam
247 1148 296 1189 eas
318 1127 410 1188 incidi
432 1147 491 1186 non
515 1130 642 1204 oportet,
670 1128 727 1187 nisi
754 1147 810 1204 pro
837 1147 945 1205 magna
976 1129 1098 1188 necessi·
1115 1144 1141 1188 10

81 1223 155 1290 tate,
178 1236 215 1277 ne
236 1219 316 1278 forta
338 1217 508 1276 ariditatem
531 1218 695 1293 incurrant,
729 1217 869 1293 quoniam
896 1219 922 1277 si
949 1237 1009 1294 qua
1031 1219 1099 1277 ista·

82 1329 153 1367 rum
184 1308 394 1384 principalium
424 1306 568 1366 inciditur
600 1310 631 1365 et
656 1307 800 1383 sanguine
828 1311 998 1379 evacuatur,
1013 1330 1016 1334 “
1030 1312 1104 1367 tunc

83 1401 113 1458 61
134 1398 267 1471 venulae,
302 1416 377 1473 quaa
406 1396 444 1455 ad
470 1396 538 1455 illas
572 1413 700 1455 annexae
732 1399 809 1471 sunt,
844 1396 1033 1473 aliquantum
1067 1396 1103 1456 de

83 1487 171 1545 malis
192 1485 375 1562 humoribus,
400 1484 453 1562 qui
475 1485 507 1544 in
534 1485 607 1561 ipsis
634 1488 714 1560 6111,
741 1485 927 1549 minuuntur.
972 1486 1003 1545 Si
1033 1504 1103 1545 vero

84 1577 187 1652 aliqua
202 1575 361 1634 earundem
381 1575 558 1634 venularnm
581 1575 734 1649 inciditur,
757 1575 935 1650 principales
958 1594 1049 1635 venae
1072 1578 1103 1634 et
1117 1586 1144 1632 15

83 1666 160 1724 aliae
182 1664 307 1724 venulae
329 1665 358 1723 ei
380 1664 572 1724 adhaerentes
598 1683 658 1723 non
684 1662 817 1722 multum
840 1663 877 1722 oh
899 1663 955 1723 hoc
977 1663 1103 1723 minora·

83 1755 197 1813 tionem
219 1754 371 1830 sanguinis
394 1753 442 1813 sni
464 1754 495 1813 in
518 1771 548 1812 sa
580 1753 721 1813 sentiunt.
764 1751 840 1811 Nam
869 1753 894 1812 si
927 1754 963 1812 dc
993 1771 1104 1832 magno

83 1843 206 1904 flumine
228 1843 319 1901 multi
341 1843 433 1902 rivrdi
456 1843 592 1918 effluunt,
616 1847 647 1903 et
668 1844 781 1902 611116
797 1842 917 1901 aliunde
933 1843 1104 1919 percolun-

83 1936 179 1992 tatem
212 1931 365 1991 hominum
400 1933 501 2008 aliqua
533 1952 608 1992 vena
630 1931 667 1991 ab
690 1931 792 1991 eodem
814 1932 935 1991 flumine
958 1932 1104 2007 educitur,

85 2039 186 2081 omnes
208 2020 309 2096 rivuli,
345 2020 398 2097 qui
426 2022 463 2081 ab
493 2039 528 2080 66
555 2022 667 2093 fluunt,
701 2022 927 2080 minorationem
958 2041 1105 2098 aquarum
1118 2031 1146 2076 uo

85 2113 127 2170 eis
152 2109 295 2170 sentiunt.
341 2108 372 2168 Si
395 2113 496 2169 autem
518 2110 555 2170 de
578 2111 680 2187 aliquo
704 2111 803 2170 rivulo
820 2111 847 2169 ai
864 2109 1038 2169 adhaerente
1053 2110 1104 2169 ali·

85 2219 147 2277 qua
169 2217 243 2259 vana
265 2217 360 2275 aquae
383 2198 533 2275 educitur,
561 2201 672 2259 fluvius
699 2199 750 2258 1116
778 2203 809 2258 61
831 2200 883 2258 alii
904 2200 998 2259 rivuli
1020 2217 1102 2276 egre·

84 2289 200 2348 dientes
230 2288 458 2348 minorationem
488 2308 635 2365 aquarum
663 2307 786 2347 suarum
809 2289 847 2348 oh
870 2288 926 2348 hoc
948 2307 1006 2348 non
1029 2289 1104 2346 mul·

85 2383 157 2437 tum
177 2376 317 2451 sentiunt,
341 2377 391 2437 sed
414 2380 533 2437 tantum
554 2377 672 2437 rivulus
694 2373 755 2450 ille,
779 2378 816 2436 de
838 2396 899 2453 quo
914 2377 1016 2436 eadem
1030 2395 1104 2436 rena
1136 2454 1139 2458 ι

85 2467 196 2527 educta
219 2470 272 2538 661,
301 2467 333 2525 11
365 2485 396 2527 66
423 2468 488 2542 ipso
516 2468 683 2527 minoratur
711 2469 741 2526 61
764 2467 877 2526 arescit.
925 2465 982 2524 Sed
1006 2468 1036 2524 et
1057 2466 1102 2524 in-
1118 2475 1149 2520 25·

84 2557 158 2617 cisio
180 2555 633 2633 praedictarnmprincipalium
655 2574 798 2617 venarum
819 2556 850 2613 in
870 2555 1024 2614 inflexione
1039 2553 1104 2612 hra-

85 2645 223 2705 chiorum
249 2644 310 2720 fiat,
344 2644 415 2720 quia
441 2664 510 2704 cum
536 2645 648 2705 ibidem
674 2664 749 2704 vena
780 2644 932 2716 inciditur,
966 2643 1106 2703 humores

84 2734 184 2810 magis
206 2732 250 2792 ibi
272 2733 478 2794 coadunantur
501 2753 592 2810 quam
607 2735 638 2793 in
654 2735 719 2794 loco
735 2734 799 2810 illo,
822 2733 875 2793 ubi
889 2734 973 2792 nulla
988 2733 1105 2792 inflexio

86 2828 141 2884 cst.
188 2821 274 2893 Quod
304 2823 330 2882 si
358 2824 467 2883 venula
489 2824 590 2899 aliqua
612 2827 667 2882 ant
693 2842 783 2899 snper
809 2826 910 2881 artum
937 2826 990 2882 aut
1017 2841 1107 2898 super

85 2911 196 2989 pedem
218 2912 325 2972 autin
347 2913 455 2988 pollice
478 2916 532 2972 aut
554 2913 675 2971 aliunde
697 2913 729 2971 in
751 2930 875 2988 corpore
898 2911 1026 2971 hominis
1049 2930 1105 2989 pro
1119 2923 1147 2967 36

86 3002 191 3077 aliqua
204 3000 377 3061 infirmitate
392 3002 542 3074 inciditur,
565 3005 683 3078 praeter
701 3001 887 3061 inflexionem
908 3001 1105 3076 brachiorum,

86 3090 229 3167 prodesse
253 3089 374 3166 quidem
397 3091 585 3167 aliquantum
607 3090 653 3149 illi
675 3091 795 3167 poterit,
822 3091 980 3150 aed-nulla
1003 3090 1106 3150 incisio

87 3182 208 3240 tantum
231 3179 312 3239 valet
334 3183 480 3256 quantum
502 3180 563 3257 illa,
586 3199 663 3256 quae
685 3180 717 3238 in
739 3180 895 3239 inflexione
917 3178 1107 3239 brachiorum

87 3268 124 3328 fit
145 3268 178 3327 in
200 3267 360 3344 praedictis
382 3269 481 3329 tribus
508 3269 722 3344 principalibus
750 3270 839 3329 venie.
884 3267 983 3327 Homo
1007 3269 1107 3326 autem

89 3359 153 3418 sive
175 3358 324 3418 masculus
356 3358 417 3418 eive
444 3359 554 3417 femina
584 3358 632 3434 sit,
665 3358 737 3417 dum
760 3358 791 3417 in
813 3359 969 3417 iuventute
991 3375 1045 3415 sua
1074 3358 1105 3415 et
1120 3366 1148 3411 35

88 3448 119 3506 in
141 3446 330 3524 longitudine
352 3450 383 3507 et
405 3448 437 3507 in
458 3447 658 3525 grossitudine
676 3448 854 3506 naturaliter
868 3446 981 3520 crescit,
1003 3463 1108 3505 venam

92 3536 132 3595 ad
160 3536 355 3597 minuandum
385 3536 557 3614 sanguinem
589 3537 711 3598 interim
736 3555 799 3598 non
821 3534 953 3607 incidat,
977 3534 1121 3609 quamuis
