2460 3862
312 127 454 183 CAUSAE
474 126 520 181 ET
539 126 660 181 cobar
679 127 746 180 LIB.
764 125 812 179 111.
1013 130 1075 190 183

58 332 164 372 corum
195 331 281 372 succe
313 312 444 370 matricis
481 311 612 371 eiusdem
640 311 766 369 feminae
794 309 1001 386 coniungitur,
1033 309 1078 369 ita
1131 358 1135 367 ,

58 401 142 477 quod
172 401 240 460 inde
268 401 453 478 aliquantum
481 401 689 479 impinguatur
715 404 744 460 et
772 401 971 474 confortatur,
1000 401 1030 457 et
1053 399 1078 457 si

59 492 134 550 deus
156 491 294 563 voluerit,
316 493 400 550 tanto
427 490 544 550 facilius
572 490 707 565 concipit,
732 489 811 565 quod
835 489 1007 547 multotiens
1030 488 1076 546 iu·

59 580 138 639 dicio
166 580 214 638 dei
240 579 288 655 fit,
317 580 397 656 quod
422 580 519 640 virtus
551 579 710 657 generandi
736 577 905 636 hominibus
929 577 1072 637 aufertur.

128 669 175 727 De
184 669 331 743 podupra.
361 669 470 740 Home,
494 669 547 744 qui
569 669 601 727 in
624 669 760 727 cruribus
784 670 814 726 et
828 667 860 725 in
875 666 1001 742 pedibus
1017 666 1105 725 suis5

61 757 227 834 podagram
250 759 339 817 sentit
362 762 392 817 et
413 758 481 817 inde
505 758 594 832 dolet,
619 778 686 817 eum
709 757 788 816 idem
812 756 896 815 dolor
911 774 1011 814 recens
1027 759 1078 827 est,

62 848 114 905 1119
138 848 268 923 plurima
292 866 405 907 cornua
423 847 472 909 vel
486 851 622 907 ventosas
638 847 775 906 cruribus
791 846 851 904 suis
868 847 1078 920 circumponat,

63 936 177 995 scilicet
200 957 217 993 a
239 937 300 995 talo
323 937 466 1012 incipiens
482 936 594 1012 absque
613 937 753 995 incisione
774 935 861 1006 cutis,
885 938 921 992 11
940 935 1079 993 humores

64 1025 121 1083 sibi
146 1025 305 1098 attrahant,
329 1029 360 1086 et
382 1026 486 1085 deinde
509 1026 612 1085 aleco
636 1026 689 1084 illo
714 1026 831 1083 1119111
847 1027 927 1083 etea
943 1024 1079 1098 superius

61 1118 163 1190 ponat,
186 1115 327 1189 quatinus
350 1115 461 1174 iterum
484 1114 526 1173 ibi
548 1114 727 1174 subteriores
750 1113 889 1173 humores
912 1113 967 1172 sibi
990 1115 1078 1172 attra-
1093 1124 1120 1168 ro

62 1203 145 1264 hant.
190 1203 231 1261 rt
256 1204 298 1264 sic
325 1205 416 1264 faciat
444 1206 543 1263 cutem
565 1223 623 1263 non
646 1203 801 1262 incidendo
824 1220 879 1261 nec
906 1201 1078 1277 rumpendo,

63 1312 159 1368 usque
183 1292 255 1350 dum
277 1293 314 1351 ad
338 1296 419 1352 nates
441 1312 510 1352 suos
533 1293 699 1370 perveniat;
722 1294 881 1368 postquam
904 1294 1003 1374 autem
1022 1290 1079 1349 hoc

63 1381 222 1451 modoad
254 1387 336 1442 nates
370 1383 549 1458 pervenerit,
584 1382 713 1459 ligamen
754 1382 785 1439 in
818 1381 964 1457 superiori
995 1386 1079 1456 parte

64 1490 145 1547 genu
168 1471 226 1529 sibi
248 1472 458 1547 circumponat,
481 1492 518 1530 119
550 1473 698 1546 humores,
732 1490 806 1547 quos
839 1471 977 1529 cornibus
1006 1469 1079 1528 11119

64 1560 223 1631 contraxit,
246 1579 350 1620 rursus
373 1561 560 1636 descendant,
592 1565 622 1620 et
654 1578 722 1620 mox
745 1562 775 1617 in
799 1559 923 1618 confinio
947 1559 1027 1617 dorsi
1049 1564 1079 1616 et
1095 1567 1120 1612 15

63 1650 265 1725 posteriorum
288 1669 356 1709 cum
379 1649 516 1709 cornibus
539 1653 593 1709 aut
607 1650 738 1710 ventosis
753 1648 942 1707 scarifieando
958 1647 1076 1724 sangui-

62 1759 130 1798 nem
153 1742 184 1798 91
206 1739 300 1798 malos
322 1739 460 1798 humores
484 1740 609 1802 emittat.
641 1737 689 1797 810
712 1743 812 1797 autem
835 1738 933 1808 faciat,
949 1740 979 1796 91
995 1737 1080 1795 dolor

63 1828 213 1904 podagrae
248 1829 330 1887 illius
362 1828 492 1890 cessabit.
521 1828 662 1904 †Accipe
690 1829 819 1888 bertram
847 1830 877 1885 et
900 1827 937 1884 ad
959 1826 1079 1885 tertiam

62 1919 179 1992 partem
219 1918 356 1992 ponderis
394 1918 457 1976 eius
496 1917 531 1976 de
570 1918 702 1994 zingiber
744 1921 774 1976 et
811 1916 962 1975 modicum
993 1916 1080 1992 piper

63 2010 93 2064 et
121 2005 194 2064 haec
222 2007 373 2081 pulveriza
400 2011 489 2082 atque
517 2007 636 2066 ieiunus
659 2007 778 2065 comede
802 2010 831 2064 91
854 2006 957 2064 vinum
979 2007 1080 2081 postea
1094 2013 1121 2059 20

62 2094 139 2157 bibe.

129 2184 178 2243 Dc
205 2184 317 2255 fistula.
371 2182 490 2260 Siquis
521 2185 652 2244 fistulam
683 2185 719 2244 de
749 2184 834 2242 malis
866 2186 896 2242 et
923 2185 1079 2258 superfluis

63 2272 238 2332 humoribus
253 2275 348 2332 ortam
363 2274 395 2332 in
416 2292 540 2349 corpore
556 2293 610 2334 suo
628 2274 737 2334 alicubi
752 2274 876 2349 patitur,
891 2273 1079 2348 purgatorias

62 2362 198 2437 potiones
214 2381 299 2438 saepe
322 2363 454 2438 accipiat,
476 2364 615 2438 quatinus
635 2362 927 2439 superhabundantes
940 2363 1079 2420 humores

62 2453 93 2510 in
116 2469 146 2510 se
170 2451 294 2512 minuat.
341 2450 428 2520 Quod
458 2453 483 2511 si
512 2457 615 2529 postea
646 2453 678 2511 in
709 2454 773 2511 loco
808 2451 937 2509 eiusdem
969 2451 1078 2508 doloris
1092 2459 1119 2502 25

64 2541 140 2600 cutis
165 2541 364 2617 contrahitur,
387 2542 472 2600 velut
494 2542 536 2600 ibi
559 2543 655 2600 sanari
678 2542 763 2616 velit,
789 2544 819 2598 et
841 2540 952 2597 iterum
975 2538 1078 2596 deinde

63 2649 118 2706 per
140 2629 281 2689 humores
305 2630 462 2707 scinditur,
490 2631 600 2690 iterum
627 2632 815 2707 purgatorias
843 2629 979 2704 potiones
1007 2628 1078 2686 acci-

63 2719 135 2795 piat,
160 2739 196 2778 ne
219 2720 291 2778 mali
314 2720 453 2779 humores
476 2720 507 2778 in
531 2741 564 2781 eo
588 2719 858 2796 superhabundent,
881 2721 910 2776 91
933 2718 974 2776 119
993 2736 1078 2792 saepe

63 2808 161 2880 faciat,
185 2812 216 2868 et
237 2810 333 2868 lenius
356 2810 477 2872 dolebit.
521 2811 561 2890 Et
585 2809 679 2888 [quia]
704 2812 765 2868 tam
793 2808 893 2866 fistula
916 2827 1005 2883 quam
1029 2826 1078 2883 po-

62 2898 155 2976 dagra
178 2899 298 2958 difficile
321 2900 419 2958 curari
441 2903 592 2975 poterunt.
1014 2920 1023 2935 *
1091 2905 1120 2950 3⁰

128 2987 175 3048 De
201 2989 305 3050 ulcere.
353 2987 384 3047 Si
417 2989 502 3048 ulcus
538 2988 661 3065 aliquod
695 2991 748 3046 aut
781 2987 903 3063 pustula
930 2986 1079 3046 hominem

63 3076 166 3136 acerbe
183 3077 282 3136 delere
297 3078 377 3154 11011,
402 3082 559 3154 antequam
575 3082 742 3153 rumpatur,
765 3077 814 3135 1119
831 3076 957 3151 accipiet
971 3077 1082 3134 lineum

63 3185 197 3243 pannum
232 3172 262 3226 et
295 3186 372 3226 nova
406 3187 473 3226 cera
501 3168 663 3243 perfundat
697 3170 726 3225 et
751 3167 878 3242 desuper
901 3165 965 3225 oleo
989 3165 1082 3224 olivae

63 3257 191 3332 inungat
214 3260 243 3315 et
266 3256 309 3315 sic
331 3275 421 3332 super
443 3258 528 3316 ulcus
551 3261 649 3333 ponat.
680 3257 720 3313 Et
741 3275 795 3330 per
817 3255 874 3314 hoc
904 3256 987 3313 ulcus
1014 3272 1077 3312 sna-

63 3346 131 3406 vius
153 3346 344 3405 mollificetur
376 3350 406 3405 et
433 3347 554 3405 suavius
585 3345 736 3419 rumpitur
759 3350 789 3403 91
815 3345 953 3402 humores
983 3343 1119 3401 extra-'35

64 3434 179 3494 buntur
202 3439 232 3494 et
254 3435 374 3495 suavius
397 3439 528 3498 sanatur.
573 3434 605 3493 Si
626 3452 696 3493 vero
718 3434 840 3508 pustula
860 3433 912 3490 1111
928 3434 979 3508 est,
1003 3451 1078 3508 quae
1139 3487 1142 3494 .

66 3523 178 3583 dicitnr
200 3543 315 3603 sagena,
343 3524 389 3583 illi
420 3544 456 3583 ne
489 3542 679 3600 superponas,
713 3523 793 3598 quod
825 3522 990 3598 periculosa
1023 3525 1080 3580 est.
