2460 3862
162 187 202 246 18
546 180 793 236 HILDEGARDIS

159 367 210 426 ille
232 370 296 426 tem
318 367 436 442 stultus,
461 367 514 442 qui
536 367 566 424 in
589 366 681 425 nimio
706 367 803 425 calore
826 365 946 425 aestatis
966 365 1065 424 66116
1082 363 1174 424 nimio

159 456 272 533 frigore
302 456 405 515 hiemis
437 473 534 515 aeman
565 474 653 515 suum
682 457 858 515 seminaret?
895 454 934 513 Et
960 454 1037 513 illud
1062 454 1176 531 periret

160 550 272 604 61666
294 547 438 623 surgeret.

226 636 274 694 De
296 639 423 709 tempore
447 636 602 711 6166666611.
648 633 696 692 116
726 633 896 694 hominibus
925 633 986 692 illis
1020 633 1175 710 contingit,

131 724 287 800 squinae
310 728 462 784 maturum
491 727 609 799 tempus
638 724 744 783 6616116
771 742 841 783 6666
867 742 923 782 666
946 726 1063 798 tempus
1086 723 1175 782 lunae

159 813 352 889 considerant,
377 815 428 874 sed
450 832 632 890 unoquoque
647 816 781 889 tempore
803 812 964 873 secundum
987 813 1176 872 voluntatem

158 921 241 962 suam
275 904 397 981 gignere
429 904 544 966 volunt.
589 903 628 962 ut
656 903 722 962 ideo
755 904 818 961 nati
849 921 953 962 eorum
982 903 1013 960 in
1035 901 1175 977 pluribus

159 992 311 1052 doloribus
335 993 529 1068 corporaliter
551 992 700 1055 deficiunt.
745 991 802 1052 Sed
824 993 931 1067 tamen,
962 991 1173 1067 quamvisoun-

158 1101 216 1158 que
240 1082 405 1141 deficientes
433 1082 492 1141 sint
518 1082 549 1140 in
572 1100 703 1158 corpore,
735 1081 807 1140 deus
830 1100 960 1158 gemmas
989 1099 1056 1139 suas
1085 1080 1123 1138 ad
1145 1098 1175 1139 66

118 1182 145 1227 10
159 1172 282 1249 colligit.
328 1171 367 1230 Et
398 1171 464 1231 idco
498 1171 545 1231 vir
577 1174 731 1231 maturum
757 1174 875 1247 tempus
903 1170 1035 1246 corporis
1057 1169 1106 1228 sui
1128 1169 1172 1228 in·

157 1261 268 1337 spicere
303 1260 390 1321 debet
424 1264 454 1321 61
485 1265 566 1320 66616
596 1262 731 1336 tempora
767 1261 855 1319 lunae
888 1278 956 1319 oum
985 1258 1042 1318 tali
1072 1258 1173 1318 studio

158 1369 307 1426 quaerere,
337 1351 453 1426 611116,
477 1351 529 1426 qui
553 1350 701 1410 orationes
724 1368 792 1409 suas
814 1368 905 1426 puras
929 1349 1028 1420 offort;
1059 1347 1176 1409 scilicet

156 1443 193 1499 ut
216 1458 249 1498 eo
272 1444 405 1515 tempore
425 1440 537 1516 prolem
561 1441 673 1517 gignat,
697 1440 778 1517 quod
797 1439 861 1498 nati
883 1439 946 1498 6166
969 1457 1028 1497 666
1050 1440 1174 1512 pereant

158 1529 327 1590 deficiendo.
372 1528 432 1589 Noc
461 1530 514 1588 fiat
541 1533 577 1588 ut
598 1530 688 1589 bomo
710 1530 774 1605 ille,
807 1530 858 1605 qui
882 1529 983 1588 cibum
1005 1528 1174 1586 1666166-

117 1622 239 1693 156661,
273 1623 308 1678 ut
339 1637 441 1694 vorax,
479 1619 532 1695 qui
557 1621 674 1679 rectum
705 1623 822 1694 tempus
862 1617 921 1676 cibi
950 1634 1009 1676 non
1042 1616 1173 1691 quaerit;

157 1708 207 1766 sed
230 1726 291 1766 esse
314 1708 401 1767 debet
423 1712 458 1767 ut
485 1709 548 1784 1116,
580 1709 632 1783 qui
662 1712 777 1767 rectum
804 1711 922 1782 tempus
944 1706 1042 1778 habet,
1074 1725 1111 1764 ne
1135 1705 1175 1764 sit

157 1799 192 1854 ut
222 1815 322 1856 vorax.
377 1796 424 1856 Sic
462 1797 552 1856 bomo
591 1815 651 1857 csse
680 1797 779 1862 ,debet
814 1799 843 1856 61
883 1814 1025 1872 quaerere
1058 1797 1174 1855 rectum

156 1888 274 1961 tempus
297 1887 452 1963 geniturae
475 1905 554 1949 suae.
585 1886 640 1944 Vir
656 1886 693 1944 ad
708 1887 849 1944 feminam
871 1905 931 1944 non
954 1883 1080 1960 accedat,
1105 1903 1173 1944 cum

157 1975 210 2033 illa
232 1975 332 2051 puella
355 1979 406 2047 est,
438 1976 490 2034 sed
507 1976 673 2050 iuvencula,
703 1975 784 2051 quod
806 1979 879 2034 tunc
902 1977 1021 2033 matura
1044 1978 1097 2049 est,
1120 1991 1174 2032 nec

116 2065 219 2140 reipsa
248 2065 388 2123 feminam
415 2067 520 2142 tangat
546 2069 613 2124 ante
643 2064 773 2140 barbam,
801 2064 852 2123 sed
880 2083 949 2124 cum
980 2062 1099 2124 barbam
1124 2062 1173 2120 ha-

158 2153 266 2226 buerit,
291 2155 429 2230 quoniam
445 2157 518 2214 tunc
540 2157 678 2214 maturus
702 2158 747 2213 661
770 2154 806 2212 ad
830 2152 1047 2213 fecunditatem
1069 2152 1173 2227 prolis.

157 2242 256 2303 Homo
280 2262 425 2318 namque,
459 2245 511 2320 qui
539 2244 570 2302 in
592 2244 757 2303 voracitate
789 2247 819 2302 et
846 2244 876 2301 in
905 2242 1027 2318 crapula
1056 2243 1113 2313 661,
1143 2241 1175 2299 16

157 2333 297 2392 membris
320 2334 381 2392 6616
404 2352 490 2409 66666
518 2334 653 2409 16666666
680 2337 711 2392 61
738 2336 893 2392 166166666
922 2332 969 2404 fit3
999 2331 1051 2406 qui
1075 2333 1175 2389 autem

157 2423 188 2481 in
212 2421 276 2482 cibo
300 2426 330 2482 61
353 2427 429 2499 6616
452 2423 602 2482 continens
618 2425 670 2496 661,
693 2422 804 2480 bonum
827 2421 1001 2498 sanguinem
1025 2423 1055 2479 61
1071 2437 1176 2478 sanum

116 2521 143 2566 25
158 2530 264 2589 corpus
288 2512 417 2576 habebit.
462 2511 512 2571 Sic
534 2513 623 2571 etiam
648 2514 678 2570 et
701 2512 760 2586 1116,
783 2511 836 2586 qui
859 2529 974 2586 semper
996 2509 1028 2567 in
1051 2508 1175 2567 libidine

157 2606 188 2661 61
210 2603 240 2661 in
263 2603 468 2678 superfluitate
484 2602 616 2678 corporis
640 2600 688 2660 sui
704 2601 776 2660 facit
793 2599 939 2658 desideria
954 2617 1016 2669 sua,
1038 2600 1084 2673 ut,
1108 2616 1174 2657 oum

157 2693 316 2765 tempestas
340 2692 494 2768 geniturae
517 2710 587 2751 suae
610 2691 641 2749 in
665 2709 699 2748 eo
723 2689 833 2765 surgit,
863 2707 960 2748 semen
983 2705 1072 2746 suum
1094 2686 1174 2762 proi·

158 2780 259 2838 ciendo
294 2780 400 2855 perdit,
431 2799 516 2857 66666
546 2781 577 2839 16
612 2779 721 2839 semine
755 2797 808 2837 suo
843 2778 928 2852 perit.
982 2775 1041 2846 Qui
1075 2781 1175 2834 autem

157 2884 255 2926 semen
278 2887 363 2927 suum
389 2872 467 2928 66616
490 2870 598 2944 fundit,
622 2872 734 2928 rectam
757 2867 925 2944 genituram
950 2866 1074 2940 profert.

116 2967 143 3013 30
225 2958 271 3017 Dc
294 2953 483 3039 6166661161)
536 2958 689 3017 Elementa
717 2960 816 3016 autom
847 2973 1092 3036 unamquamque
1123 2973 1173 3012 na·

157 3049 255 3105 turam
279 3047 405 3106 hominis
435 3047 549 3118 bibunt,
582 3066 650 3106 cum
680 3047 769 3106 homo
801 3046 945 3105 elementa
967 3045 999 3103 in
1021 3062 1051 3103 66
1073 3042 1176 3116 trahit,

158 3136 228 3212 quia
250 3136 338 3195 homo
362 3155 429 3195 cum
452 3137 512 3195 illis
535 3141 580 3194 661
603 3139 633 3194 61
654 3136 707 3194 1116
724 3155 792 3196 oum
808 3135 934 3211 homine,
959 3137 990 3193 61
1012 3131 1176 3192 secundum

157 3226 213 3284 hoc
236 3226 357 3302 sanguis
380 3226 507 3284 hominis
530 3225 665 3286 inundat.
710 3224 795 3283 Unde
825 3224 915 3283 ctiam
942 3223 1088 3297 scriptum
1116 3224 1174 3281 cst:

158 3316 294 3374 caelum
317 3318 351 3373 61
373 3319 473 3375 16666
495 3316 677 3391 plangunt
692 3333 799 3390 super
814 3313 1009 3388 hominem,
1034 3312 1175 3389 quoniam

117 3412 144 3459 35
157 3405 290 3480 inquieta
318 3404 395 3463 bella
422 3406 453 3463 in
477 3404 615 3480 operibus
638 3403 792 3463 hominum
820 3403 965 3462 clementa
987 3420 1074 3478 saepe
1098 3419 1174 3461 com·

154 3533 369 3545 ⁴————-——

211 3591 235 3660 1)
255 3594 441 3665 18664966
461 3596 571 3654 iterum
587 3594 725 3668 leguntur
742 3593 776 3650 in
794 3592 950 3658 16611661,
966 3591 1016 3646 cir.
1027 3592 1095 3647 atu.
1111 3591 1172 3647 6611
