2460 3862
131 142 171 202 16
517 133 764 190 subuersum

129 321 180 381 aed
202 321 287 380 velut
308 319 406 378 iaoula
429 319 561 397 sagittat.
594 319 635 377 Et
656 317 807 377 interdum
828 317 976 393 pallidum
998 317 1150 395 fulgorem

128 410 219 469 habet
250 409 293 468 sio
323 409 423 484 aliqua
458 409 672 471 demonstrans.
732 407 790 467 Sed
821 407 952 483 planeta,
994 408 1048 484 qui
1082 410 1152 483 post

129 498 291 559 seeundum
307 502 351 557 est
373 500 444 573 (et)
466 498 565 559 dives
582 497 700 572 dieitur,
717 495 869 556 Christum
881 498 985 556 oontra
997 496 1150 556 diabolum

128 591 334 664 pugnaturum
357 587 543 650 monstravit.
589 586 647 646 Sed
668 605 749 646 nuno
771 604 831 645 non
852 589 889 646 ut
911 585 1000 645 stella
1023 591 1150 663 apparet

103 678 182 738 asad
205 677 291 754 quasi
314 676 416 753 fulgor
439 677 470 735 in
494 677 582 753 eaelo,
605 679 636 736 et
650 679 723 736 tuno
744 675 889 734 miracula
908 675 1014 734 futura
1030 675 1151 734 demon-

129 769 213 829 strat.
259 765 317 825 Sed
350 785 418 826 eum
448 766 480 825 in
508 765 569 825 sole
598 765 787 825 obtruncatio
816 768 869 824 aut
892 764 998 824 eoloris
1021 764 1150 823 mutatio

128 860 248 932 praeter
276 855 399 916 solitum
433 855 614 932 ostenditur,
648 873 756 932 magna
789 854 821 912 iu
854 853 967 912 mundo
997 856 1151 929 portentat

128 945 241 1006 futura.

196 1038 243 1097 De
265 1051 386 1094 aurora.
423 1032 509 1103 Quod
531 1051 601 1093 vero
624 1033 657 1091 iu
677 1051 762 1091 mane
777 1033 822 1092 sol
838 1032 935 1104 rubet,
960 1050 1028 1091 oum
1044 1031 1149 1108 oritur,

89 1133 116 1178 10
129 1124 185 1183 hoo
208 1124 379 1202 defrigere
402 1126 433 1181 et
454 1122 634 1182 humiditate
659 1123 735 1182 aeris
758 1126 814 1194 est,
838 1121 909 1198 quia
931 1119 1097 1180 humiditas
1120 1124 1151 1181 et

129 1213 235 1290 frigus,
261 1233 336 1288 quae
350 1216 423 1272 tune
438 1215 517 1287 sunt,
532 1211 708 1271 rubedinem
723 1212 818 1270 oeulis
832 1210 989 1270 bominum
1003 1209 1148 1270 inferunt.

129 1300 227 1360 Simili
241 1301 329 1361 modo
344 1302 377 1360 in
392 1319 468 1373 sero,
492 1320 561 1361 oum
577 1301 614 1360 ad
629 1319 784 1376 vesperem
798 1300 895 1372 rubet,
911 1301 969 1359 hoo
985 1299 1021 1358 de
1036 1298 1149 1377 frigore

129 1391 204 1450 aeris
232 1392 291 1463 est,
325 1391 468 1467 quoniam
499 1395 571 1450 tuno
596 1390 633 1448 ad
659 1408 801 1449 oceanum
825 1390 994 1453 inclinatur.
1037 1387 1151 1464 Vesper

128 1484 241 1552 autem,
275 1480 382 1555 quiet
410 1498 525 1540 eomes
554 1480 679 1555 dieitur,
713 1480 796 1538 velut
818 1479 941 1537 intimus
965 1480 995 1536 et
1017 1480 1149 1538 seoretus

88 1578 115 1624 15
130 1570 241 1629 amious
272 1570 342 1629 solis
375 1571 428 1632 est.
480 1569 678 1629 Frumentum
710 1572 740 1627 et
769 1569 873 1628 vinum
905 1570 1067 1644 temperat,
1097 1567 1150 1627 sed

129 1660 186 1718 alio
209 1662 344 1734 tempore
367 1659 450 1734 plus,
485 1658 542 1717 alio
565 1659 673 1720 minus.
719 1656 825 1717 Postea
852 1657 971 1733 planeta
998 1656 1063 1732 ille,
1096 1656 1150 1733 qui

130 1747 240 1807 dieitur
269 1767 422 1824 pauper,
455 1750 551 1806 exstat
578 1751 608 1806 et
635 1747 721 1823 signa
748 1765 803 1806 sua
826 1745 968 1821 ostendit,
999 1748 1034 1804 ut
1062 1765 1147 1821 prae·

128 1838 223 1896 fatum
247 1840 302 1912 est,
336 1840 366 1896 et
390 1837 479 1895 etiam
506 1839 715 1912 paupertatem
742 1837 774 1894 in
796 1835 1000 1895 habundantia
1023 1835 1149 1911 frugum

128 1929 224 1985 terrae
246 1925 327 1986 faoit.

86 2022 114 2068 ao
195 2016 241 2074 De
263 2016 354 2074 tuneo
375 2015 601 2088 aprificatione.
636 2013 693 2073 Sed
716 2032 784 2073 oum
806 2014 838 2072 in
857 2014 929 2072 luna
949 2013 1049 2088 aliqua
1064 2013 1149 2090 signa

128 2103 213 2179 fiunt,
237 2103 293 2162 hoo
317 2104 407 2162 etiam
428 2104 479 2162 isti
501 2104 636 2178 planetae
660 2103 781 2175 faciunt,
811 2104 918 2178 quiin
941 2102 1148 2178 profunditate

128 2192 307 2252 firmamenti
335 2193 420 2252 velut
451 2191 511 2251 duo
542 2193 619 2253 olavi
649 2193 741 2268 positi
767 2196 838 2251 sunt
865 2195 895 2251 et
918 2192 972 2268 qui
994 2191 1087 2250 solem
1110 2192 1148 2251 ad

134 2283 218 2360 signa
251 2281 431 2342 ostendenda
463 2282 680 2358 aggrediuntur
708 2284 738 2340 et
765 2282 869 2340 lunam
892 2284 945 2340 aut
967 2280 1148 2341 inoendendo

132 2375 184 2431 aut
216 2371 419 2431 obumbrando
450 2373 645 2431 commovent.
690 2369 776 2429 Luna
805 2373 905 2429 autem
931 2371 963 2428 in
984 2387 1015 2428 se
1038 2370 1149 2446 exeipit

87 2461 300 2521 25foeditatem
337 2459 511 2519 inutilitatis
549 2478 690 2518 aurarum
727 2462 758 2518 et
795 2460 923 2519 calorem
959 2458 1029 2534 puri
1064 2459 1147 2535 aeris,

129 2551 324 2610 stabilitatem
356 2550 441 2610 utilis
475 2568 577 2625 aurae,
612 2549 746 2624 pericula
780 2551 1005 2624 tempestatum,
1039 2548 1149 2608 fortem

129 2659 235 2712 aerem,
260 2640 313 2715 qui
329 2658 446 2698 omnem
461 2639 646 2698 viriditatem
661 2638 784 2714 profert,
809 2657 915 2714 aerem,
931 2639 985 2714 qui
1001 2638 1149 2713 pomifera

129 2728 241 2803 eduoit,
265 2747 375 2801 aerem,
399 2729 452 2804 qui
475 2728 600 2787 exsiooat
623 2731 654 2787 et
677 2727 825 2787 defeetum
848 2723 955 2802 infert,
979 2727 1032 2803 qui
1054 2727 1149 2786 hiems

128 2820 181 2879 est.
215 2817 255 2875 Et
276 2817 348 2876 haee
370 2818 469 2876 omnia
490 2818 522 2875 in
546 2835 576 2876 se
598 2817 641 2876 ita
657 2815 780 2893 oolligit,
804 2819 840 2874 ut
853 2817 910 2892 vir,
933 2816 987 2892 qui
1001 2816 1033 2875 in
1047 2820 1148 2875 utrem

86 2914 114 2959 30
128 2907 231 2966 vinum
263 2905 364 2964 fundit
391 2908 421 2964 et
452 2906 578 2980 suscipit
608 2909 639 2964 et
665 2906 777 2964 iterum
806 2904 908 2966 ebibit.
954 2904 1003 2964 Sia
1025 2909 1055 2965 et
1077 2905 1150 2964 luna

128 2995 227 3054 omnia
253 2995 311 3054 ista
338 2995 369 3052 in
396 3013 428 3053 se
455 2994 573 3070 colligit
595 2994 754 3055 oresoeudo
777 2997 807 3053 et
830 2993 923 3053 ebibit
946 2994 1148 3065 deoresoeudo,

127 3088 157 3144 et
179 3083 246 3142 ideo
270 3083 331 3142 dies
355 3084 418 3142 eius
442 3082 564 3158 quidam
587 3084 666 3159 boni,
691 3083 813 3159 quidam
833 3084 905 3142 mali
920 3087 1002 3156 sunt,
1026 3082 1149 3160 quidam

127 3174 231 3249 utiles,
264 3172 388 3249 quidam
417 3172 551 3244 inutiles,
584 3172 706 3248 quidam
733 3173 839 3249 fortes,
879 3172 1001 3248 quidam
1029 3171 1149 3244 debiles,

127 3263 249 3339 quidam
277 3262 370 3337 foedi,
403 3261 525 3338 quidam
548 3261 670 3338 virides,
703 3262 825 3338 quidam
853 3262 935 3336 siooi,
967 3261 1090 3338 quidam
1116 3262 1149 3320 in

85 3361 113 3405 35
127 3352 290 3412 defectione
306 3351 462 3412 fruetuum
478 3353 605 3410 manent.
636 3351 676 3410 Et
700 3352 841 3426 quoniam
857 3351 927 3409 luna
942 3350 1017 3411 hano
1031 3351 1148 3411 vioissi-

126 3441 261 3500 tudinem
283 3441 314 3499 in
335 3440 478 3512 sehabet,
500 3440 567 3499 ideo
583 3440 676 3499 etiam
692 3440 876 3500 humectatio
891 3440 1020 3499 hominis
1035 3440 1146 3500 vicissi-

126 3530 261 3590 tudinem
284 3535 314 3590 et
337 3529 567 3590 mutabilitatem
590 3530 622 3588 in
647 3529 756 3602 dolore,
779 3529 936 3606 inlabere,
958 3530 990 3587 iu
1005 3529 1149 3606 sapientia
