2438 3854
317 146 462 203 CAUSAE
483 147 530 201 ET
550 143 673 202 CURAE
691 144 760 202 LIB.
779 144 815 201 11.
1014 151 1075 211 127

58 329 188 390 confinio
213 331 282 390 oolli
305 333 336 390 et
358 330 439 390 dorsi
461 335 562 406 ponat
608 330 666 402 Qui
693 332 765 391 tero
792 332 824 390 in
846 335 964 409 peotoro
988 329 1076 406 dolet

58 439 155 480 cornu
178 420 209 478 in
231 420 361 497 scapulis
384 419 469 497 figat,
503 423 556 479 aut
583 419 608 480 si
635 420 667 479 in
693 420 837 482 lateribus
864 414 961 493 'dolet
991 419 1023 478 id
1045 420 1077 478 in
1165 457 1168 462 ,

57 512 190 585 utroque
212 507 335 569 braehio
358 512 388 569 et
423 509 476 568 ubi
506 527 611 568 manus
641 509 753 586 finitur,
784 514 893 587 ponat,
924 511 973 570 vol
998 509 1076 569 siin

57 597 199 658 eruribus
221 596 310 675 dolet,
339 597 417 658 illud
439 598 477 657 ad
500 598 552 658 ilia
566 599 648 677 figat,
672 604 727 660 aut
747 600 820 659 siin
833 600 893 660 iliis
907 602 1076 675 torquetur,

56 687 89 746 id
112 687 192 747 inter
213 691 297 748 nates
319 691 350 748 et
364 687 511 764 poplitem
525 691 626 763 ponat,
649 687 680 747 id
695 693 742 749 est
755 689 787 748 in
802 708 897 752 coxas.
927 688 963 748 In
977 688 1103 748 looums

56 779 168 852 autem,
190 777 221 834 in
236 795 325 853 quem
340 780 462 837 ventosa
476 777 525 837 vel
545 796 638 837 eomu
657 778 789 854 ponitur,
812 797 872 838 non
894 778 962 854 plus
985 796 1075 854 quam

57 871 107 925 ter
122 866 171 926 vel
187 870 293 942 quater
307 885 368 926 una
383 866 484 925 eadem
504 866 585 943 hora,
608 885 668 942 qua
689 868 812 944 sangnis
835 868 878 928 ibi
901 864 1076 941 extrahitur,

56 957 198 1031 ponatur.
244 954 281 1014 In
302 955 380 1015 suris
402 974 472 1015 vero
495 955 600 1015 autin
626 955 708 1017 tibiis
734 957 910 1017 scarificatio
937 975 997 1016 non
1023 955 1076 1014 fiat

56 1047 113 1104 aut
144 1063 211 1103 raro
243 1044 309 1119 fiat,
340 1045 411 1120 quia
438 1045 469 1102 in
496 1045 538 1105 eia
563 1045 685 1122 sanguis
713 1047 781 1122 plus
808 1045 964 1107 habundat
985 1063 1076 1121 quam

54 1134 205 1208 humores²
220 1133 278 1192 nisi
288 1135 387 1193 tamen
403 1127 528 1210 propt'er
543 1153 680 1211 magnam
694 1136 899 1196 neoessitatem
914 1135 1074 1194 humorum
1090 1143 1118 1188 10

54 1224 125 1295 fiat;
150 1241 204 1282 neo
225 1223 365 1282 humores
391 1223 465 1283 illue
486 1223 652 1300 trahantur,
675 1225 817 1300 qnoniam
839 1228 939 1286 totum
966 1241 1076 1300 eorpus

55 1331 111 1389 per
127 1331 215 1373 mura
229 1314 423 1377 sustentatur.
454 1312 513 1384 Qui
535 1315 636 1373 autem
658 1313 747 1374 modo
762 1333 817 1390 per
832 1315 1076 1375 scarificationem

55 1403 199 1461 humores
229 1404 260 1461 et
291 1403 462 1479 sangninem
491 1401 645 1477 minuunt,
681 1422 740 1463 uon
772 1407 902 1480 oportet,
933 1407 970 1464 ut
999 1420 1029 1462 se
1059 1421 1077 1460 a

55 1491 194 1551 claritate
216 1491 286 1550 solis
309 1497 363 1552 aut
385 1491 462 1567 ignis
485 1495 540 1552 aut
559 1490 632 1552 oibis
647 1493 709 1551 tam
725 1497 812 1553 oaute
827 1493 985 1555 observent
999 1491 1076 1551 aaut

56 1579 210 1654 deberent,
244 1579 269 1639 si
295 1599 400 1640 venam
432 1580 618 1654 incidissent3
648 1580 700 1640 sed
727 1582 800 1642 cibis
826 1584 1009 1657 reficiantur,
1039 1583 1075 1640 ut
1089 1589 1115 1633 1³

55 1669 143 1746 prius
166 1669 314 1744 solebant,
337 1670 480 1746 quoniam
505 1688 560 1747 per
587 1670 830 1732 scarificationem
858 1672 975 1732 fistulae
997 1670 1075 1746 illae,

56 1759 158 1818 idest
183 1777 287 1831 venae,
321 1778 397 1835 quae
423 1760 517 1819 vitam
543 1759 670 1820 hominis
696 1760 728 1819 in
750 1779 781 1820 se
803 1764 925 1837 portant
947 1764 978 1821 et
1000 1778 1076 1836 quae

58 1848 264 1925 compaginem
295 1849 498 1909 membrorum
529 1849 736 1926 compingunt,
768 1851 877 1911 incisae
911 1870 970 1910 non
998 1852 1076 1920 sunt

56 1937 131 2014 quia
158 1955 226 1997 oum
249 1957 309 1997 una
330 1936 502 1998 huiusmodi
524 1938 625 1998 fistula
651 1938 806 2011 inciditur,
834 1942 947 2000 ceterae
977 1956 1077 1999 omnes

56 2027 231 2086 incisionem
259 2026 343 2086 illam
373 2027 506 2088 sentiunt
534 2030 566 2087 et
587 2027 615 2086 ei
638 2029 868 2104 compatiuntur.
914 2027 946 2088 Si
976 2031 1075 2088 autom
1088 2035 1116 2078 2⁰

56 2134 137 2192 equo
160 2118 213 2175 aut
234 2116 306 2177 bovi
328 2119 382 2176 aut
403 2116 486 2176 asino
508 2135 584 2176 vena
605 2116 761 2177 incidenda
787 2121 832 2178 eat
859 2118 891 2177 in
911 2118 1076 2178 minutione

54 2205 219 2282 sanguinis
243 2208 274 2265 et
295 2206 320 2266 si
342 2206 422 2266 idem
438 2206 547 2266 animal
561 2205 640 2266 forte
655 2209 686 2266 et
700 2208 910 2282 corpulentum
929 2210 981 2278 eat
1004 2209 1077 2266 tuno

55 2298 206 2370 quantum
220 2294 351 2371 pinarius
367 2314 470 2372 capere
484 2297 585 2371 potest
604 2313 698 2371 aquae
723 2297 845 2374 sanguis
867 2297 894 2356 ei
914 2297 1076 2355 minuatur.

125 2384 171 2446 De
192 2385 359 2445 minutione
381 2385 469 2446 bruti.
518 2382 551 2444 Si
573 2402 644 2444 vero
667 2403 762 2460 equus
784 2388 838 2445 aut
859 2386 913 2446 bos
935 2385 998 2444 sive
1021 2385 1075 2442 asi·

54 2491 114 2532 nus
137 2472 244 2533 debilis
266 2477 297 2533 et
319 2492 417 2534 macor
437 2473 538 2548 fuerit,
562 2471 599 2531 ad
622 2472 781 2533 dimidium
795 2475 942 2550 picarium
956 2473 1077 2550 sanguis
1089 2474 1118 2521 2⁵

54 2562 85 2622 ei
108 2562 271 2638 minuatur,
301 2563 413 2623 scilieet
441 2561 603 2622 seeundum
625 2563 778 2638 propriam
800 2562 1025 2623 erassitudinem
1048 2565 1078 2621 et

55 2650 236 2711 tenuitatem
257 2651 380 2712 artatis
403 2670 481 2715 snae.
526 2650 583 2710 sed
604 2653 674 2726 post
696 2652 892 2711 minutionem
914 2650 1003 2710 molle
1025 2670 1076 2726 pa·

55 2741 167 2800 bulum
189 2743 220 2800 et
242 2740 360 2800 aridum
384 2760 418 2801 ao
439 2759 529 2801 suave
550 2740 654 2799 fenum
669 2740 697 2799 ei
712 2740 750 2800 ad
765 2739 983 2801 comedendum⁴
995 2738 1076 2799 dabi-

55 2834 119 2892 tur.
165 2829 204 2888 Et
235 2832 308 2889 tuno
339 2827 429 2891 etiam
460 2848 514 2906 per
537 2828 611 2888 duas
634 2831 812 2905 septimanas
835 2833 889 2889 ant
909 2848 963 2906 per
986 2848 1076 2888 unam
1137 2883 1141 2890 .

56 2921 113 2978 aut
134 2937 188 2994 per
210 2921 341 2995 quatuor
364 2920 426 2980 dies
448 2922 517 2995 post
538 2918 735 2978 minationem
755 2919 902 2997 qniesoat,
935 2918 1076 2995 quatinus
1090 2925 1117 2969 30

54 3009 135 3067 vires
157 3025 225 3068 suas
247 3008 381 3085 recipiat,
403 3007 487 3090 quod
509 3026 623 3085 semper
645 3008 676 3066 in
699 3008 799 3068 labore
822 3011 876 3068 est.
923 3008 963 3067 Et
980 3007 1077 3067 tribus

54 3097 208 3157 mensibus
231 3098 388 3158 transactis
410 3098 442 3157 in
465 3099 573 3174 quarto
593 3115 693 3156 mensa
709 3097 803 3157 eidem
819 3097 940 3156 animali
956 3097 1077 3174 sanguis

56 3188 88 3245 in
113 3204 188 3246 vena
210 3187 321 3246 iterum
343 3187 498 3246 minuatur
520 3188 551 3245 et
577 3204 636 3246 non
664 3187 755 3262 prius,
790 3186 847 3246 nisi
881 3205 936 3262 pro
970 3203 1078 3262 magna

53 3276 229 3336 necessitate
251 3276 449 3352 infirmitatis,
477 3274 558 3351 quod
580 3277 643 3334 tarn
665 3276 736 3335 mali
759 3274 898 3335 humores
920 3276 952 3332 in
973 3273 1075 3332 huius·

55 3363 141 3425 modi
176 3365 352 3424 animalibus
383 3384 442 3425 non
474 3363 647 3424 habundant
680 3366 758 3424 siout
790 3365 821 3423 in
848 3363 974 3425 bomine.
1020 3360 1077 3421 Ovi
1090 3368 1119 3413 35

57 3457 161 3513 autem
184 3455 305 3532 sanguis
328 3454 360 3512 in
382 3473 457 3513 vena
479 3472 565 3530 saepe
587 3453 749 3526 minuatur,
781 3453 833 3512 sod
858 3457 961 3512 muron
984 3451 1079 3508 mohi-

55 3562 124 3603 onm
146 3544 306 3620 sauguinis,
337 3543 418 3618 quod
440 3546 568 3627 propter
592 3543 747 3607 diversam
768 3562 883 3603 auram
904 3539 1001 3597 intiba
1015 3536 1108 3591 mba-
