<?xml version="1.0" encoding="UTF-8"?>
<!DOCTYPE html PUBLIC "-//W3C//DTD XHTML 1.0 Transitional//EN"
    "http://www.w3.org/TR/xhtml1/DTD/xhtml1-transitional.dtd">
<html xmlns="http://www.w3.org/1999/xhtml" xml:lang="en" lang="en">
 <head>
  <title>
</title>
<meta http-equiv="Content-Type" content="text/html;charset=utf-8" />
  <meta name='ocr-system' content='tesseract 3.04.00' />
  <meta name='ocr-capabilities' content='ocr_page ocr_carea ocr_par ocr_line ocrx_word'/>
</head>
<body>
  <div class='ocr_page' id='page_1' title='image "./hildegardiscaus01hildgoog_0228.png"; bbox 0 0 2460 3862; ppageno 0'>
   <div class='ocr_carea' id='block_1_1' title="bbox 350 135 1115 203">
    <p class='ocr_par' dir='ltr' id='par_1_1' title="bbox 350 135 1115 203">
     <span class='ocr_line' id='line_1_1' title="bbox 350 135 1115 203; baseline 0 -9"><span class='ocrx_word' id='word_1_1' title='bbox 350 137 493 194; x_wconf 76' lang='lat' dir='ltr'>CAUSAE</span> <span class='ocrx_word' id='word_1_2' title='bbox 512 137 558 192; x_wconf 76' lang='lat' dir='ltr'><strong>ET</strong></span> <span class='ocrx_word' id='word_1_3' title='bbox 578 136 700 193; x_wconf 76' lang='grc'><strong>0111001]</strong></span> <span class='ocrx_word' id='word_1_4' title='bbox 719 137 786 192; x_wconf 87' lang='lat' dir='ltr'>LIB.</span> <span class='ocrx_word' id='word_1_5' title='bbox 804 135 853 191; x_wconf 88' lang='lat' dir='ltr'><strong>IV.</strong></span> <span class='ocrx_word' id='word_1_6' title='bbox 1053 142 1115 203; x_wconf 84' lang='lat'><strong>217</strong></span> 
     </span>
    </p>
   </div>
   <div class='ocr_carea' id='block_1_2' title="bbox 76 323 1163 3612">
    <p class='ocr_par' dir='ltr' id='par_1_2' title="bbox 76 323 1114 579">
     <span class='ocr_line' id='line_1_2' title="bbox 76 323 1114 399; baseline 0 -16"><span class='ocrx_word' id='word_1_7' title='bbox 76 323 161 383; x_wconf 63' lang='lat' dir='ltr'><strong>*cini</strong></span> <span class='ocrx_word' id='word_1_8' title='bbox 186 325 391 399; x_wconf 75' lang='lat' dir='ltr'><strong>temperantur</strong></span> <span class='ocrx_word' id='word_1_9' title='bbox 423 325 453 382; x_wconf 92' lang='grc'><strong>00</strong></span> <span class='ocrx_word' id='word_1_10' title='bbox 484 323 595 383; x_wconf 88' lang='lat' dir='ltr'><strong>iterum</strong></span> <span class='ocrx_word' id='word_1_11' title='bbox 627 343 693 383; x_wconf 90' lang='lat' dir='ltr'><strong>cum</strong></span> <span class='ocrx_word' id='word_1_12' title='bbox 725 323 903 383; x_wconf 87' lang='lat' dir='ltr'><strong>fortitudine</strong></span> <span class='ocrx_word' id='word_1_13' title='bbox 931 327 961 383; x_wconf 88' lang='lat' dir='ltr'><strong>et</strong></span> <span class='ocrx_word' id='word_1_14' title='bbox 989 325 1114 383; x_wconf 90' lang='lat' dir='ltr'><strong>alterato</strong></span> 
     </span>
     <span class='ocr_line' id='line_1_3' title="bbox 85 412 1114 490; baseline -0.001 -18"><span class='ocrx_word' id='word_1_15' title='bbox 85 413 196 472; x_wconf 61' lang='lat' dir='ltr'><strong>valore</strong></span> <span class='ocrx_word' id='word_1_16' title='bbox 222 412 325 473; x_wconf 89' lang='lat' dir='ltr'><strong>calibis</strong></span> <span class='ocrx_word' id='word_1_17' title='bbox 347 412 535 488; x_wconf 71' lang='lat' dir='ltr'><strong>roborantur,</strong></span> <span class='ocrx_word' id='word_1_18' title='bbox 559 417 594 471; x_wconf 91' lang='lat' dir='ltr'><strong>ut</strong></span> <span class='ocrx_word' id='word_1_19' title='bbox 616 414 784 489; x_wconf 85' lang='lat' dir='ltr'><strong>praefatum</strong></span> <span class='ocrx_word' id='word_1_20' title='bbox 807 417 865 490; x_wconf 87' lang='grc'><strong>000,</strong></span> <span class='ocrx_word' id='word_1_21' title='bbox 891 413 1004 473; x_wconf 82' lang='lat' dir='ltr'><strong>febrem</strong></span> <span class='ocrx_word' id='word_1_22' title='bbox 1026 414 1114 473; x_wconf 89' lang='lat' dir='ltr'><strong>istam</strong></span> 
     </span>
     <span class='ocr_line' id='line_1_4' title="bbox 80 502 249 579; baseline 0.024 -19"><span class='ocrx_word' id='word_1_23' title='bbox 80 502 249 579; x_wconf 77' lang='lat' dir='ltr'><strong>mitigant.</strong></span> 
     </span>
    </p>

    <p class='ocr_par' dir='ltr' id='par_1_3' title="bbox 98 591 1160 1738">
     <span class='ocr_line' id='line_1_5' title="bbox 167 591 1119 668; baseline 0 -17"><span class='ocrx_word' id='word_1_24' title='bbox 167 591 280 651; x_wconf 76' lang='lat' dir='ltr'><strong>Contra</strong></span> <span class='ocrx_word' id='word_1_25' title='bbox 301 609 438 653; x_wconf 81' lang='lat' dir='ltr'><strong>vermem.</strong></span> <span class='ocrx_word' id='word_1_26' title='bbox 484 591 591 667; x_wconf 88' lang='lat' dir='ltr'><strong>Homo,</strong></span> <span class='ocrx_word' id='word_1_27' title='bbox 624 610 711 667; x_wconf 91' lang='lat' dir='ltr'><strong>quem</strong></span> <span class='ocrx_word' id='word_1_28' title='bbox 745 592 854 652; x_wconf 86' lang='lat' dir='ltr'><strong>vermis</strong></span> <span class='ocrx_word' id='word_1_29' title='bbox 876 593 908 650; x_wconf 90' lang='lat' dir='ltr'><strong>in</strong></span> <span class='ocrx_word' id='word_1_30' title='bbox 930 592 1031 668; x_wconf 89' lang='lat' dir='ltr'><strong>aliquo</strong></span> <span class='ocrx_word' id='word_1_31' title='bbox 1053 593 1119 652; x_wconf 88' lang='grc'><strong>1000</strong></span> 
     </span>
     <span class='ocr_line' id='line_1_6' title="bbox 98 681 1145 757; baseline -0.004 -16"><span class='ocrx_word' id='word_1_32' title='bbox 98 681 233 756; x_wconf 89' lang='lat' dir='ltr'><strong>corporis</strong></span> <span class='ocrx_word' id='word_1_33' title='bbox 265 681 313 740; x_wconf 88' lang='lat' dir='ltr'><strong>sui</strong></span> <span class='ocrx_word' id='word_1_34' title='bbox 345 681 480 751; x_wconf 76' lang='lat' dir='ltr'><strong>comedit</strong></span> <span class='ocrx_word' id='word_1_35' title='bbox 512 684 620 743; x_wconf 82' lang='lat' dir='ltr'><strong>cretam</strong></span> <span class='ocrx_word' id='word_1_36' title='bbox 654 681 780 757; x_wconf 88' lang='lat' dir='ltr'><strong>accipiat</strong></span> <span class='ocrx_word' id='word_1_37' title='bbox 812 683 842 740; x_wconf 95' lang='lat' dir='ltr'><strong>et</strong></span> <span class='ocrx_word' id='word_1_38' title='bbox 873 681 918 740; x_wconf 90' lang='lat' dir='ltr'><strong>bis</strong></span> <span class='ocrx_word' id='word_1_39' title='bbox 941 684 1061 741; x_wconf 90' lang='lat' dir='ltr'><strong>tantum</strong></span> <span class='ocrx_word' id='word_1_40' title='bbox 1084 682 1145 741; x_wconf 80' lang='lat' dir='ltr'><strong>des</strong></span> 
     </span>
     <span class='ocr_line' id='line_1_7' title="bbox 100 770 1121 831; baseline 0 -1"><span class='ocrx_word' id='word_1_41' title='bbox 100 771 218 830; x_wconf 64' lang='lat' dir='ltr'><strong>crudum</strong></span> <span class='ocrx_word' id='word_1_42' title='bbox 241 772 271 829; x_wconf 90' lang='lat' dir='ltr'><strong>et</strong></span> <span class='ocrx_word' id='word_1_43' title='bbox 293 789 327 828; x_wconf 81' lang='lat' dir='ltr'><strong>ex</strong></span> <span class='ocrx_word' id='word_1_44' title='bbox 349 770 396 829; x_wconf 92' lang='lat' dir='ltr'><strong>his</strong></span> <span class='ocrx_word' id='word_1_45' title='bbox 420 789 488 829; x_wconf 92' lang='lat' dir='ltr'><strong>cum</strong></span> <span class='ocrx_word' id='word_1_46' title='bbox 512 774 626 830; x_wconf 86' lang='lat' dir='ltr'><strong>acetoso</strong></span> <span class='ocrx_word' id='word_1_47' title='bbox 650 772 719 829; x_wconf 84' lang='lat' dir='ltr'><strong>vino</strong></span> <span class='ocrx_word' id='word_1_48' title='bbox 742 771 827 831; x_wconf 89' lang='grc'><strong>00100</strong></span> <span class='ocrx_word' id='word_1_49' title='bbox 848 773 937 829; x_wconf 90' lang='lat' dir='ltr'><strong>tenue</strong></span> <span class='ocrx_word' id='word_1_50' title='bbox 953 776 1121 831; x_wconf 90' lang='lat' dir='ltr'><strong>cementum</strong></span> 
     </span>
     <span class='ocr_line' id='line_1_8' title="bbox 100 858 1122 936; baseline 0 -18"><span class='ocrx_word' id='word_1_51' title='bbox 100 858 191 918; x_wconf 85' lang='grc'><strong>100100</strong></span> <span class='ocrx_word' id='word_1_52' title='bbox 213 862 303 935; x_wconf 85' lang='lat' dir='ltr'><strong>atque</strong></span> <span class='ocrx_word' id='word_1_53' title='bbox 325 859 408 919; x_wconf 90' lang='lat' dir='ltr'><strong>istud</strong></span> <span class='ocrx_word' id='word_1_54' title='bbox 431 861 503 930; x_wconf 90' lang='lat' dir='ltr'><strong>loco,</strong></span> <span class='ocrx_word' id='word_1_55' title='bbox 526 859 580 918; x_wconf 91' lang='lat' dir='ltr'><strong>ubi</strong></span> <span class='ocrx_word' id='word_1_56' title='bbox 610 879 740 919; x_wconf 85' lang='lat' dir='ltr'><strong>vermem</strong></span> <span class='ocrx_word' id='word_1_57' title='bbox 771 859 896 936; x_wconf 86' lang='lat' dir='ltr'><strong>patitur,</strong></span> <span class='ocrx_word' id='word_1_58' title='bbox 926 878 995 918; x_wconf 91' lang='lat' dir='ltr'><strong>cum</strong></span> <span class='ocrx_word' id='word_1_59' title='bbox 1026 879 1122 936; x_wconf 89' lang='lat' dir='ltr'><strong>penna</strong></span> 
     </span>
     <span class='ocr_line' id='line_1_9' title="bbox 101 948 1122 1025; baseline 0.001 -19"><span class='ocrx_word' id='word_1_60' title='bbox 101 949 245 1007; x_wconf 89' lang='lat' dir='ltr'><strong>immittat</strong></span> <span class='ocrx_word' id='word_1_61' title='bbox 267 953 298 1007; x_wconf 92' lang='lat' dir='ltr'><strong>et</strong></span> <span class='ocrx_word' id='word_1_62' title='bbox 320 949 376 1008; x_wconf 92' lang='lat' dir='ltr'><strong>hoo</strong></span> <span class='ocrx_word' id='word_1_63' title='bbox 398 968 451 1024; x_wconf 90' lang='lat' dir='ltr'><strong>per</strong></span> <span class='ocrx_word' id='word_1_64' title='bbox 473 949 606 1025; x_wconf 78' lang='lat' dir='ltr'><strong>singulos</strong></span> <span class='ocrx_word' id='word_1_65' title='bbox 629 949 690 1007; x_wconf 89' lang='lat' dir='ltr'><strong>dies</strong></span> <span class='ocrx_word' id='word_1_66' title='bbox 712 968 808 1025; x_wconf 89' lang='lat' dir='ltr'><strong>usque</strong></span> <span class='ocrx_word' id='word_1_67' title='bbox 831 949 868 1007; x_wconf 86' lang='lat' dir='ltr'><strong>ad</strong></span> <span class='ocrx_word' id='word_1_68' title='bbox 891 953 1027 1024; x_wconf 86' lang='lat' dir='ltr'><strong>quartam</strong></span> <span class='ocrx_word' id='word_1_69' title='bbox 1044 948 1122 1008; x_wconf 90' lang='lat' dir='ltr'><strong>diem</strong></span> 
     </span>
     <span class='ocr_line' id='line_1_10' title="bbox 101 1036 1121 1113; baseline 0.002 -18"><span class='ocrx_word' id='word_1_70' title='bbox 101 1039 198 1099; x_wconf 84' lang='lat' dir='ltr'><strong>faciat.</strong></span> <span class='ocrx_word' id='word_1_71' title='bbox 244 1036 351 1096; x_wconf 88' lang='lat' dir='ltr'><strong>Postea</strong></span> <span class='ocrx_word' id='word_1_72' title='bbox 372 1040 472 1097; x_wconf 89' lang='lat' dir='ltr'><strong>sumat</strong></span> <span class='ocrx_word' id='word_1_73' title='bbox 488 1038 552 1096; x_wconf 91' lang='grc'><strong>0100</strong></span> <span class='ocrx_word' id='word_1_74' title='bbox 568 1040 599 1096; x_wconf 91' lang='grc'><strong>00</strong></span> <span class='ocrx_word' id='word_1_75' title='bbox 614 1038 777 1097; x_wconf 88' lang='lat' dir='ltr'><strong>seeundum</strong></span> <span class='ocrx_word' id='word_1_76' title='bbox 793 1039 856 1098; x_wconf 89' lang='lat' dir='ltr'><strong>eius</strong></span> <span class='ocrx_word' id='word_1_77' title='bbox 870 1038 989 1096; x_wconf 75' lang='lat' dir='ltr'><strong>tertiam</strong></span> <span class='ocrx_word' id='word_1_78' title='bbox 1005 1041 1121 1113; x_wconf 83' lang='lat' dir='ltr'><strong>portem</strong></span> 
     </span>
     <span class='ocr_line' id='line_1_11' title="bbox 101 1127 1160 1204; baseline -0.003 -19"><span class='ocrx_word' id='word_1_79' title='bbox 101 1147 233 1204; x_wconf 85' lang='lat' dir='ltr'><strong>myrram</strong></span> <span class='ocrx_word' id='word_1_80' title='bbox 268 1129 298 1185; x_wconf 94' lang='lat' dir='ltr'><strong>et</strong></span> <span class='ocrx_word' id='word_1_81' title='bbox 331 1127 421 1186; x_wconf 86' lang='lat' dir='ltr'><strong>simul</strong></span> <span class='ocrx_word' id='word_1_82' title='bbox 455 1130 540 1201; x_wconf 85' lang='lat' dir='ltr'><strong>terat,</strong></span> <span class='ocrx_word' id='word_1_83' title='bbox 575 1129 666 1203; x_wconf 91' lang='lat' dir='ltr'><strong>atque</strong></span> <span class='ocrx_word' id='word_1_84' title='bbox 699 1127 802 1187; x_wconf 84' lang='grc'><strong>00010</strong></span> <span class='ocrx_word' id='word_1_85' title='bbox 826 1146 894 1185; x_wconf 91' lang='lat' dir='ltr'><strong>cum</strong></span> <span class='ocrx_word' id='word_1_86' title='bbox 916 1129 1030 1186; x_wconf 89' lang='lat' dir='ltr'><strong>recente</strong></span> <span class='ocrx_word' id='word_1_87' title='bbox 1053 1139 1160 1186; x_wconf 85' lang='grc'><strong>000010</strong></span> 
     </span>
     <span class='ocr_line' id='line_1_12' title="bbox 102 1216 1121 1292; baseline 0 -17"><span class='ocrx_word' id='word_1_88' title='bbox 102 1217 318 1292; x_wconf 88' lang='lat' dir='ltr'><strong>emplaustrum</strong></span> <span class='ocrx_word' id='word_1_89' title='bbox 350 1221 436 1291; x_wconf 91' lang='lat' dir='ltr'><strong>paret</strong></span> <span class='ocrx_word' id='word_1_90' title='bbox 467 1220 497 1275; x_wconf 88' lang='lat' dir='ltr'><strong>et</strong></span> <span class='ocrx_word' id='word_1_91' title='bbox 524 1216 662 1275; x_wconf 89' lang='grc'><strong>00001000</strong></span> <span class='ocrx_word' id='word_1_92' title='bbox 690 1236 787 1292; x_wconf 89' lang='grc'><strong>00000</strong></span> <span class='ocrx_word' id='word_1_93' title='bbox 819 1219 1000 1292; x_wconf 85' lang='lat' dir='ltr'><strong>superponat</strong></span> <span class='ocrx_word' id='word_1_94' title='bbox 1027 1217 1121 1275; x_wconf 87' lang='lat' dir='ltr'><strong>etita</strong></span> 
     </span>
     <span class='ocr_line' id='line_1_13' title="bbox 102 1303 1121 1383; baseline 0.001 -19"><span class='ocrx_word' id='word_1_95' title='bbox 102 1324 192 1382; x_wconf 84' lang='lat' dir='ltr'><strong>super</strong></span> <span class='ocrx_word' id='word_1_96' title='bbox 214 1306 314 1364; x_wconf 86' lang='lat' dir='ltr'><strong>locum</strong></span> <span class='ocrx_word' id='word_1_97' title='bbox 336 1305 447 1364; x_wconf 82' lang='lat' dir='ltr'><strong>doloris</strong></span> <span class='ocrx_word' id='word_1_98' title='bbox 470 1325 523 1380; x_wconf 88' lang='lat' dir='ltr'><strong>per</strong></span> <span class='ocrx_word' id='word_1_99' title='bbox 547 1306 703 1364; x_wconf 91' lang='lat' dir='ltr'><strong>duodecim</strong></span> <span class='ocrx_word' id='word_1_100' title='bbox 726 1307 788 1365; x_wconf 88' lang='lat' dir='ltr'><strong>dies</strong></span> <span class='ocrx_word' id='word_1_101' title='bbox 810 1306 894 1383; x_wconf 83' lang='lat' dir='ltr'><strong>liget.</strong></span> <span class='ocrx_word' id='word_1_102' title='bbox 939 1303 1014 1364; x_wconf 88' lang='lat' dir='ltr'><strong>Nam</strong></span> <span class='ocrx_word' id='word_1_103' title='bbox 1042 1312 1121 1365; x_wconf 89' lang='lat' dir='ltr'><strong>creta</strong></span> 
     </span>
     <span class='ocr_line' id='line_1_14' title="bbox 103 1394 1120 1472; baseline 0.001 -19"><span class='ocrx_word' id='word_1_104' title='bbox 103 1395 199 1454; x_wconf 78' lang='lat' dir='ltr'><strong>aalide</strong></span> <span class='ocrx_word' id='word_1_105' title='bbox 214 1399 258 1453; x_wconf 90' lang='lat' dir='ltr'><strong>est</strong></span> <span class='ocrx_word' id='word_1_106' title='bbox 274 1399 304 1453; x_wconf 94' lang='lat' dir='ltr'><strong>et</strong></span> <span class='ocrx_word' id='word_1_107' title='bbox 320 1395 401 1453; x_wconf 91' lang='lat' dir='ltr'><strong>crida</strong></span> <span class='ocrx_word' id='word_1_108' title='bbox 415 1394 534 1472; x_wconf 80' lang='lat' dir='ltr'><strong>frigida,</strong></span> <span class='ocrx_word' id='word_1_109' title='bbox 555 1397 586 1453; x_wconf 92' lang='lat' dir='ltr'><strong>et</strong></span> <span class='ocrx_word' id='word_1_110' title='bbox 602 1395 644 1454; x_wconf 89' lang='lat' dir='ltr'><strong>sio</strong></span> <span class='ocrx_word' id='word_1_111' title='bbox 660 1396 740 1455; x_wconf 86' lang='lat' dir='ltr'><strong>calor</strong></span> <span class='ocrx_word' id='word_1_112' title='bbox 758 1398 854 1454; x_wconf 88' lang='lat' dir='ltr'><strong>cretae</strong></span> <span class='ocrx_word' id='word_1_113' title='bbox 870 1413 938 1453; x_wconf 92' lang='lat' dir='ltr'><strong>cum</strong></span> <span class='ocrx_word' id='word_1_114' title='bbox 954 1395 1120 1472; x_wconf 86' lang='lat' dir='ltr'><strong>frigiditate</strong></span> 
     </span>
     <span class='ocr_line' id='line_1_15' title="bbox 103 1483 1120 1559; baseline -0.001 -16"><span class='ocrx_word' id='word_1_115' title='bbox 103 1483 200 1544; x_wconf 85' lang='lat' dir='ltr'><strong>cridae</strong></span> <span class='ocrx_word' id='word_1_116' title='bbox 224 1486 344 1542; x_wconf 86' lang='lat' dir='ltr'><strong>etcum</strong></span> <span class='ocrx_word' id='word_1_117' title='bbox 368 1485 465 1543; x_wconf 88' lang='lat' dir='ltr'><strong>calore</strong></span> <span class='ocrx_word' id='word_1_118' title='bbox 488 1487 518 1542; x_wconf 91' lang='lat' dir='ltr'><strong>et</strong></span> <span class='ocrx_word' id='word_1_119' title='bbox 541 1485 675 1543; x_wconf 79' lang='lat' dir='ltr'><strong>acumine</strong></span> <span class='ocrx_word' id='word_1_120' title='bbox 701 1485 763 1544; x_wconf 88' lang='grc'><strong>0101</strong></span> <span class='ocrx_word' id='word_1_121' title='bbox 794 1487 976 1559; x_wconf 84' lang='lat' dir='ltr'><strong>temperatus</strong></span> <span class='ocrx_word' id='word_1_122' title='bbox 1005 1503 1120 1544; x_wconf 83' lang='lat' dir='ltr'><strong>vermes</strong></span> 
     </span>
     <span class='ocr_line' id='line_1_16' title="bbox 105 1573 1160 1650; baseline -0.006 -18"><span class='ocrx_word' id='word_1_123' title='bbox 105 1573 278 1644; x_wconf 84' lang='lat' dir='ltr'><strong>mortificat3</strong></span> <span class='ocrx_word' id='word_1_124' title='bbox 301 1574 351 1632; x_wconf 92' lang='lat' dir='ltr'><strong>sed</strong></span> <span class='ocrx_word' id='word_1_125' title='bbox 374 1575 455 1632; x_wconf 90' lang='lat' dir='ltr'><strong>calor</strong></span> <span class='ocrx_word' id='word_1_126' title='bbox 478 1574 560 1632; x_wconf 89' lang='lat' dir='ltr'><strong>aloae</strong></span> <span class='ocrx_word' id='word_1_127' title='bbox 582 1592 650 1631; x_wconf 90' lang='lat' dir='ltr'><strong>oum</strong></span> <span class='ocrx_word' id='word_1_128' title='bbox 665 1575 762 1634; x_wconf 89' lang='lat' dir='ltr'><strong>calore</strong></span> <span class='ocrx_word' id='word_1_129' title='bbox 777 1593 895 1650; x_wconf 86' lang='lat' dir='ltr'><strong>myrrae</strong></span> <span class='ocrx_word' id='word_1_130' title='bbox 912 1577 1119 1650; x_wconf 80' lang='lat' dir='ltr'><strong>augmentatus</strong></span> <span class='ocrx_word' id='word_1_131' title='bbox 1134 1583 1160 1627; x_wconf 87' lang='lat'><strong>15</strong></span> 
     </span>
     <span class='ocr_line' id='line_1_17' title="bbox 105 1663 1121 1738; baseline 0.002 -18"><span class='ocrx_word' id='word_1_132' title='bbox 105 1663 276 1738; x_wconf 87' lang='lat' dir='ltr'><strong>putredines</strong></span> <span class='ocrx_word' id='word_1_133' title='bbox 288 1663 448 1721; x_wconf 89' lang='lat' dir='ltr'><strong>eorundem</strong></span> <span class='ocrx_word' id='word_1_134' title='bbox 455 1664 591 1720; x_wconf 90' lang='lat' dir='ltr'><strong>ulcerum</strong></span> <span class='ocrx_word' id='word_1_135' title='bbox 601 1663 730 1722; x_wconf 81' lang='lat' dir='ltr'><strong>extrahit</strong></span> <span class='ocrx_word' id='word_1_136' title='bbox 741 1666 772 1722; x_wconf 91' lang='grc'><strong>00</strong></span> <span class='ocrx_word' id='word_1_137' title='bbox 781 1663 906 1721; x_wconf 91' lang='lat' dir='ltr'><strong>eundem</strong></span> <span class='ocrx_word' id='word_1_138' title='bbox 918 1663 1016 1722; x_wconf 89' lang='lat' dir='ltr'><strong>locum</strong></span> <span class='ocrx_word' id='word_1_139' title='bbox 1030 1667 1121 1722; x_wconf 83' lang='lat' dir='ltr'><strong>sanat.</strong></span> 
     </span>
    </p>

    <p class='ocr_par' dir='ltr' id='par_1_4' title="bbox 104 1746 1163 3519">
     <span class='ocr_line' id='line_1_18' title="bbox 174 1746 1122 1835; baseline 0.001 -25"><span class='ocrx_word' id='word_1_140' title='bbox 174 1746 233 1835; x_wconf 86' lang='lat' dir='ltr'><strong>[Dc</strong></span> <span class='ocrx_word' id='word_1_141' title='bbox 257 1751 357 1813; x_wconf 82' lang='grc'><strong>001100.</strong></span> <span class='ocrx_word' id='word_1_142' title='bbox 387 1751 431 1810; x_wconf 90' lang='lat' dir='ltr'><strong>Ut</strong></span> <span class='ocrx_word' id='word_1_143' title='bbox 445 1752 537 1810; x_wconf 88' lang='lat' dir='ltr'><strong>calibs</strong></span> <span class='ocrx_word' id='word_1_144' title='bbox 553 1752 641 1810; x_wconf 87' lang='lat' dir='ltr'><strong>fortis</strong></span> <span class='ocrx_word' id='word_1_145' title='bbox 661 1753 709 1826; x_wconf 90' lang='lat' dir='ltr'><strong>sit,</strong></span> <span class='ocrx_word' id='word_1_146' title='bbox 733 1771 802 1810; x_wconf 89' lang='lat' dir='ltr'><strong>eum</strong></span> <span class='ocrx_word' id='word_1_147' title='bbox 824 1753 855 1810; x_wconf 91' lang='lat' dir='ltr'><strong>in</strong></span> <span class='ocrx_word' id='word_1_148' title='bbox 871 1753 1014 1830; x_wconf 84' lang='lat' dir='ltr'><strong>sanguine</strong></span> <span class='ocrx_word' id='word_1_149' title='bbox 1029 1753 1122 1812; x_wconf 89' lang='lat' dir='ltr'><strong>leonis</strong></span> 
     </span>
     <span class='ocr_line' id='line_1_19' title="bbox 107 1840 1122 1918; baseline 0.002 -20"><span class='ocrx_word' id='word_1_150' title='bbox 107 1843 159 1899; x_wconf 88' lang='lat' dir='ltr'><strong>aut</strong></span> <span class='ocrx_word' id='word_1_151' title='bbox 187 1841 263 1900; x_wconf 91' lang='lat' dir='ltr'><strong>hirci</strong></span> <span class='ocrx_word' id='word_1_152' title='bbox 289 1841 412 1918; x_wconf 84' lang='lat' dir='ltr'><strong>intinge.</strong></span> <span class='ocrx_word' id='word_1_153' title='bbox 459 1840 544 1910; x_wconf 81' lang='lat' dir='ltr'><strong>Quod</strong></span> <span class='ocrx_word' id='word_1_154' title='bbox 568 1843 669 1899; x_wconf 90' lang='lat' dir='ltr'><strong>autem</strong></span> <span class='ocrx_word' id='word_1_155' title='bbox 693 1842 830 1900; x_wconf 80' lang='lat' dir='ltr'><strong>adamans</strong></span> <span class='ocrx_word' id='word_1_156' title='bbox 851 1842 1025 1918; x_wconf 83' lang='lat' dir='ltr'><strong>sanguinem</strong></span> <span class='ocrx_word' id='word_1_157' title='bbox 1047 1842 1122 1901; x_wconf 89' lang='grc'><strong>01001</strong></span> 
     </span>
     <span class='ocr_line' id='line_1_20' title="bbox 106 1928 1122 2007; baseline 0.002 -19"><span class='ocrx_word' id='word_1_158' title='bbox 106 1930 300 2007; x_wconf 85' lang='lat' dir='ltr'><strong>intinguitur,</strong></span> <span class='ocrx_word' id='word_1_159' title='bbox 333 1933 368 1988; x_wconf 90' lang='lat' dir='ltr'><strong>nt</strong></span> <span class='ocrx_word' id='word_1_160' title='bbox 400 1930 492 1988; x_wconf 85' lang='lat' dir='ltr'><strong>calibe</strong></span> <span class='ocrx_word' id='word_1_161' title='bbox 524 1928 615 1988; x_wconf 90' lang='lat' dir='ltr'><strong>incidi</strong></span> <span class='ocrx_word' id='word_1_162' title='bbox 648 1932 754 2005; x_wconf 84' lang='lat' dir='ltr'><strong>possit,</strong></span> <span class='ocrx_word' id='word_1_163' title='bbox 786 1931 828 1990; x_wconf 91' lang='lat' dir='ltr'><strong>ibi</strong></span> <span class='ocrx_word' id='word_1_164' title='bbox 857 1930 946 1990; x_wconf 86' lang='lat' dir='ltr'><strong>calibs</strong></span> <span class='ocrx_word' id='word_1_165' title='bbox 973 1931 1122 1990; x_wconf 91' lang='lat' dir='ltr'><strong>hircinum</strong></span> 
     </span>
     <span class='ocr_line' id='line_1_21' title="bbox 106 2019 1161 2097; baseline -0.004 -19"><span class='ocrx_word' id='word_1_166' title='bbox 106 2020 291 2096; x_wconf 84' lang='lat' dir='ltr'><strong>sanguinem,</strong></span> <span class='ocrx_word' id='word_1_167' title='bbox 323 2019 355 2076; x_wconf 92' lang='lat' dir='ltr'><strong>in</strong></span> <span class='ocrx_word' id='word_1_168' title='bbox 382 2038 442 2094; x_wconf 92' lang='lat' dir='ltr'><strong>quo</strong></span> <span class='ocrx_word' id='word_1_169' title='bbox 470 2019 613 2078; x_wconf 88' lang='lat' dir='ltr'><strong>intinctus</strong></span> <span class='ocrx_word' id='word_1_170' title='bbox 641 2022 697 2091; x_wconf 89' lang='grc'><strong>000,</strong></span> <span class='ocrx_word' id='word_1_171' title='bbox 725 2021 857 2096; x_wconf 90' lang='lat' dir='ltr'><strong>primum</strong></span> <span class='ocrx_word' id='word_1_172' title='bbox 879 2021 989 2097; x_wconf 83' lang='lat' dir='ltr'><strong>tangit,</strong></span> <span class='ocrx_word' id='word_1_173' title='bbox 1023 2023 1053 2080; x_wconf 93' lang='lat' dir='ltr'><strong>et</strong></span> <span class='ocrx_word' id='word_1_174' title='bbox 1079 2021 1161 2079; x_wconf 82' lang='grc'><strong>01000</strong></span> 
     </span>
     <span class='ocr_line' id='line_1_22' title="bbox 107 2107 1122 2187; baseline 0.002 -21"><span class='ocrx_word' id='word_1_175' title='bbox 107 2108 314 2168; x_wconf 88' lang='lat' dir='ltr'><strong>fortitudinem</strong></span> <span class='ocrx_word' id='word_1_176' title='bbox 346 2109 425 2183; x_wconf 89' lang='lat' dir='ltr'><strong>capit</strong></span> <span class='ocrx_word' id='word_1_177' title='bbox 457 2111 487 2166; x_wconf 91' lang='lat' dir='ltr'><strong>et</strong></span> <span class='ocrx_word' id='word_1_178' title='bbox 518 2108 704 2168; x_wconf 83' lang='lat' dir='ltr'><strong>adamantem</strong></span> <span class='ocrx_word' id='word_1_179' title='bbox 740 2109 864 2187; x_wconf 81' lang='lat' dir='ltr'><strong>incidit]</strong></span> <span class='ocrx_word' id='word_1_180' title='bbox 912 2107 987 2168; x_wconf 82' lang='lat' dir='ltr'><strong>Cum</strong></span> <span class='ocrx_word' id='word_1_181' title='bbox 1016 2108 1122 2169; x_wconf 87' lang='lat' dir='ltr'><strong>videris</strong></span> 
     </span>
     <span class='ocr_line' id='line_1_23' title="bbox 106 2197 1120 2274; baseline -0.001 -17"><span class='ocrx_word' id='word_1_182' title='bbox 106 2198 197 2258; x_wconf 88' lang='grc'><strong>00000</strong></span> <span class='ocrx_word' id='word_1_183' title='bbox 223 2203 276 2257; x_wconf 88' lang='grc'><strong>000</strong></span> <span class='ocrx_word' id='word_1_184' title='bbox 291 2197 328 2256; x_wconf 90' lang='lat' dir='ltr'><strong>de</strong></span> <span class='ocrx_word' id='word_1_185' title='bbox 342 2197 430 2256; x_wconf 85' lang='lat' dir='ltr'><strong>noxio</strong></span> <span class='ocrx_word' id='word_1_186' title='bbox 450 2198 593 2274; x_wconf 84' lang='lat' dir='ltr'><strong>sanguine</strong></span> <span class='ocrx_word' id='word_1_187' title='bbox 614 2202 668 2257; x_wconf 88' lang='lat' dir='ltr'><strong>aut</strong></span> <span class='ocrx_word' id='word_1_188' title='bbox 692 2198 727 2257; x_wconf 94' lang='lat' dir='ltr'><strong>de</strong></span> <span class='ocrx_word' id='word_1_189' title='bbox 750 2199 823 2258; x_wconf 87' lang='lat' dir='ltr'><strong>forti</strong></span> <span class='ocrx_word' id='word_1_190' title='bbox 845 2197 946 2258; x_wconf 84' lang='lat' dir='ltr'><strong>labore</strong></span> <span class='ocrx_word' id='word_1_191' title='bbox 969 2199 1120 2268; x_wconf 87' lang='lat' dir='ltr'><strong>infirmari,</strong></span> 
     </span>
     <span class='ocr_line' id='line_1_24' title="bbox 107 2287 1120 2363; baseline -0.001 -17"><span class='ocrx_word' id='word_1_192' title='bbox 107 2287 206 2362; x_wconf 84' lang='lat' dir='ltr'><strong>accipe</strong></span> <span class='ocrx_word' id='word_1_193' title='bbox 229 2287 353 2346; x_wconf 86' lang='grc'><strong>0000000</strong></span> <span class='ocrx_word' id='word_1_194' title='bbox 377 2305 546 2360; x_wconf 87' lang='lat' dir='ltr'><strong>arenarum,</strong></span> <span class='ocrx_word' id='word_1_195' title='bbox 571 2288 700 2362; x_wconf 90' lang='lat' dir='ltr'><strong>quaein</strong></span> <span class='ocrx_word' id='word_1_196' title='bbox 723 2288 811 2347; x_wconf 87' lang='lat' dir='ltr'><strong>litore</strong></span> <span class='ocrx_word' id='word_1_197' title='bbox 834 2289 944 2363; x_wconf 88' lang='lat' dir='ltr'><strong>iacent,</strong></span> <span class='ocrx_word' id='word_1_198' title='bbox 967 2291 997 2346; x_wconf 93' lang='lat' dir='ltr'><strong>et</strong></span> <span class='ocrx_word' id='word_1_199' title='bbox 1020 2305 1067 2346; x_wconf 89' lang='lat' dir='ltr'><strong>eas</strong></span> <span class='ocrx_word' id='word_1_200' title='bbox 1090 2288 1120 2345; x_wconf 91' lang='lat' dir='ltr'><strong>in</strong></span> 
     </span>
     <span class='ocr_line' id='line_1_25' title="bbox 107 2376 1120 2452; baseline -0.001 -17"><span class='ocrx_word' id='word_1_201' title='bbox 107 2377 260 2452; x_wconf 80' lang='lat' dir='ltr'><strong>pulverem</strong></span> <span class='ocrx_word' id='word_1_202' title='bbox 275 2376 377 2451; x_wconf 84' lang='lat' dir='ltr'><strong>redige</strong></span> <span class='ocrx_word' id='word_1_203' title='bbox 403 2378 432 2434; x_wconf 90' lang='grc'><strong>00</strong></span> <span class='ocrx_word' id='word_1_204' title='bbox 454 2376 609 2451; x_wconf 83' lang='lat' dir='ltr'><strong>pulverem</strong></span> <span class='ocrx_word' id='word_1_205' title='bbox 631 2376 724 2434; x_wconf 83' lang='lat' dir='ltr'><strong>istum</strong></span> <span class='ocrx_word' id='word_1_206' title='bbox 755 2395 824 2435; x_wconf 91' lang='lat' dir='ltr'><strong>cum</strong></span> <span class='ocrx_word' id='word_1_207' title='bbox 846 2377 937 2435; x_wconf 91' lang='lat' dir='ltr'><strong>herba</strong></span> <span class='ocrx_word' id='word_1_208' title='bbox 959 2377 1020 2451; x_wconf 90' lang='lat' dir='ltr'><strong>illa,</strong></span> <span class='ocrx_word' id='word_1_209' title='bbox 1044 2395 1120 2451; x_wconf 89' lang='lat' dir='ltr'><strong>quae</strong></span> 
     </span>
     <span class='ocr_line' id='line_1_26' title="bbox 107 2465 1162 2540; baseline -0.001 -16"><span class='ocrx_word' id='word_1_210' title='bbox 107 2465 246 2524; x_wconf 91' lang='lat' dir='ltr'><strong>bathenia</strong></span> <span class='ocrx_word' id='word_1_211' title='bbox 273 2465 394 2536; x_wconf 87' lang='lat' dir='ltr'><strong>dicitur,</strong></span> <span class='ocrx_word' id='word_1_212' title='bbox 427 2465 458 2522; x_wconf 93' lang='lat' dir='ltr'><strong>in</strong></span> <span class='ocrx_word' id='word_1_213' title='bbox 489 2484 598 2540; x_wconf 88' lang='lat' dir='ltr'><strong>aquam</strong></span> <span class='ocrx_word' id='word_1_214' title='bbox 625 2466 723 2540; x_wconf 89' lang='lat' dir='ltr'><strong>mitte,</strong></span> <span class='ocrx_word' id='word_1_215' title='bbox 756 2465 800 2523; x_wconf 91' lang='lat' dir='ltr'><strong>ita</strong></span> <span class='ocrx_word' id='word_1_216' title='bbox 828 2465 907 2540; x_wconf 91' lang='lat' dir='ltr'><strong>qnod</strong></span> <span class='ocrx_word' id='word_1_217' title='bbox 935 2465 971 2524; x_wconf 91' lang='lat' dir='ltr'><strong>da</strong></span> <span class='ocrx_word' id='word_1_218' title='bbox 998 2466 1121 2540; x_wconf 85' lang='lat' dir='ltr'><strong>pulvere</strong></span> <span class='ocrx_word' id='word_1_219' title='bbox 1134 2471 1162 2517; x_wconf 71' lang='lat'><strong>2⁶</strong></span> 
     </span>
     <span class='ocr_line' id='line_1_27' title="bbox 106 2552 1123 2630; baseline 0.001 -18"><span class='ocrx_word' id='word_1_220' title='bbox 106 2554 163 2614; x_wconf 90' lang='lat' dir='ltr'><strong>isto</strong></span> <span class='ocrx_word' id='word_1_221' title='bbox 194 2555 262 2630; x_wconf 91' lang='lat' dir='ltr'><strong>plus</strong></span> <span class='ocrx_word' id='word_1_222' title='bbox 289 2554 329 2613; x_wconf 89' lang='lat' dir='ltr'><strong>sit</strong></span> <span class='ocrx_word' id='word_1_223' title='bbox 356 2573 446 2630; x_wconf 92' lang='lat' dir='ltr'><strong>quam</strong></span> <span class='ocrx_word' id='word_1_224' title='bbox 473 2552 640 2623; x_wconf 84' lang='lat' dir='ltr'><strong>bathoniae,</strong></span> <span class='ocrx_word' id='word_1_225' title='bbox 673 2557 703 2611; x_wconf 90' lang='grc'><strong>00</strong></span> <span class='ocrx_word' id='word_1_226' title='bbox 731 2554 769 2612; x_wconf 86' lang='lat' dir='ltr'><strong>da</strong></span> <span class='ocrx_word' id='word_1_227' title='bbox 796 2554 837 2613; x_wconf 88' lang='lat' dir='ltr'><strong>eis</strong></span> <span class='ocrx_word' id='word_1_228' title='bbox 865 2554 896 2611; x_wconf 93' lang='lat' dir='ltr'><strong>in</strong></span> <span class='ocrx_word' id='word_1_229' title='bbox 917 2557 1032 2629; x_wconf 86' lang='lat' dir='ltr'><strong>potum.</strong></span> <span class='ocrx_word' id='word_1_230' title='bbox 1083 2555 1123 2614; x_wconf 81' lang='lat' dir='ltr'><strong>Et</strong></span> 
     </span>
     <span class='ocr_line' id='line_1_28' title="bbox 106 2641 1121 2705; baseline 0.001 -3"><span class='ocrx_word' id='word_1_231' title='bbox 106 2644 226 2702; x_wconf 88' lang='lat' dir='ltr'><strong>aridum</strong></span> <span class='ocrx_word' id='word_1_232' title='bbox 255 2644 357 2702; x_wconf 87' lang='lat' dir='ltr'><strong>fenum</strong></span> <span class='ocrx_word' id='word_1_233' title='bbox 394 2643 436 2702; x_wconf 89' lang='lat' dir='ltr'><strong>eis</strong></span> <span class='ocrx_word' id='word_1_234' title='bbox 462 2643 583 2701; x_wconf 90' lang='lat' dir='ltr'><strong>interim</strong></span> <span class='ocrx_word' id='word_1_235' title='bbox 611 2644 647 2701; x_wconf 93' lang='lat' dir='ltr'><strong>ad</strong></span> <span class='ocrx_word' id='word_1_236' title='bbox 678 2641 891 2701; x_wconf 90' lang='lat' dir='ltr'><strong>comedendum</strong></span> <span class='ocrx_word' id='word_1_237' title='bbox 919 2642 1010 2705; x_wconf 79' lang='lat' dir='ltr'><strong>dabis,</strong></span> <span class='ocrx_word' id='word_1_238' title='bbox 1064 2643 1121 2703; x_wconf 85' lang='lat' dir='ltr'><strong>Sed</strong></span> 
     </span>
     <span class='ocr_line' id='line_1_29' title="bbox 106 2732 1122 2807; baseline 0 -15"><span class='ocrx_word' id='word_1_239' title='bbox 106 2752 175 2792; x_wconf 92' lang='lat' dir='ltr'><strong>cum</strong></span> <span class='ocrx_word' id='word_1_240' title='bbox 198 2732 276 2790; x_wconf 86' lang='lat' dir='ltr'><strong>fluor</strong></span> <span class='ocrx_word' id='word_1_241' title='bbox 297 2733 440 2791; x_wconf 84' lang='lat' dir='ltr'><strong>reumatis</strong></span> <span class='ocrx_word' id='word_1_242' title='bbox 463 2732 498 2790; x_wconf 92' lang='lat' dir='ltr'><strong>de</strong></span> <span class='ocrx_word' id='word_1_243' title='bbox 521 2733 642 2791; x_wconf 83' lang='lat' dir='ltr'><strong>naribus</strong></span> <span class='ocrx_word' id='word_1_244' title='bbox 671 2751 774 2791; x_wconf 89' lang='lat' dir='ltr'><strong>eorum</strong></span> <span class='ocrx_word' id='word_1_245' title='bbox 801 2732 881 2807; x_wconf 87' lang='lat' dir='ltr'><strong>fluit,</strong></span> <span class='ocrx_word' id='word_1_246' title='bbox 911 2733 955 2790; x_wconf 88' lang='grc'><strong>100</strong></span> <span class='ocrx_word' id='word_1_247' title='bbox 981 2732 1063 2807; x_wconf 93' lang='lat' dir='ltr'><strong>quod</strong></span> <span class='ocrx_word' id='word_1_248' title='bbox 1091 2734 1122 2792; x_wconf 89' lang='lat' dir='ltr'><strong>in</strong></span> 
     </span>
     <span class='ocr_line' id='line_1_30' title="bbox 107 2821 1123 2898; baseline 0.002 -18"><span class='ocrx_word' id='word_1_249' title='bbox 107 2824 232 2898; x_wconf 85' lang='lat' dir='ltr'><strong>gutture</strong></span> <span class='ocrx_word' id='word_1_250' title='bbox 265 2824 378 2892; x_wconf 89' lang='grc'><strong>000000,</strong></span> <span class='ocrx_word' id='word_1_251' title='bbox 407 2822 494 2897; x_wconf 85' lang='lat' dir='ltr'><strong>quasi</strong></span> <span class='ocrx_word' id='word_1_252' title='bbox 520 2823 626 2881; x_wconf 89' lang='lat' dir='ltr'><strong>tussim</strong></span> <span class='ocrx_word' id='word_1_253' title='bbox 653 2821 792 2892; x_wconf 91' lang='lat' dir='ltr'><strong>habeant,</strong></span> <span class='ocrx_word' id='word_1_254' title='bbox 828 2841 960 2898; x_wconf 85' lang='lat' dir='ltr'><strong>myrram</strong></span> <span class='ocrx_word' id='word_1_255' title='bbox 992 2824 1022 2882; x_wconf 93' lang='lat' dir='ltr'><strong>et</strong></span> <span class='ocrx_word' id='word_1_256' title='bbox 1053 2822 1123 2882; x_wconf 83' lang='lat' dir='ltr'><strong>thus</strong></span> 
     </span>
     <span class='ocr_line' id='line_1_31' title="bbox 106 2910 1163 2988; baseline 0.001 -18"><span class='ocrx_word' id='word_1_257' title='bbox 106 2912 219 2986; x_wconf 86' lang='lat' dir='ltr'><strong>accipe,</strong></span> <span class='ocrx_word' id='word_1_258' title='bbox 248 2911 292 2970; x_wconf 89' lang='lat' dir='ltr'><strong>ita</strong></span> <span class='ocrx_word' id='word_1_259' title='bbox 320 2910 399 2986; x_wconf 92' lang='lat' dir='ltr'><strong>quod</strong></span> <span class='ocrx_word' id='word_1_260' title='bbox 427 2930 545 2986; x_wconf 86' lang='lat' dir='ltr'><strong>myrrae</strong></span> <span class='ocrx_word' id='word_1_261' title='bbox 571 2912 640 2987; x_wconf 91' lang='lat' dir='ltr'><strong>plus</strong></span> <span class='ocrx_word' id='word_1_262' title='bbox 668 2911 707 2970; x_wconf 90' lang='lat' dir='ltr'><strong>sit</strong></span> <span class='ocrx_word' id='word_1_263' title='bbox 735 2931 824 2988; x_wconf 90' lang='lat' dir='ltr'><strong>quam</strong></span> <span class='ocrx_word' id='word_1_264' title='bbox 848 2911 955 2986; x_wconf 90' lang='lat' dir='ltr'><strong>thuris,</strong></span> <span class='ocrx_word' id='word_1_265' title='bbox 982 2915 1012 2969; x_wconf 92' lang='lat' dir='ltr'><strong>et</strong></span> <span class='ocrx_word' id='word_1_266' title='bbox 1035 2917 1163 2988; x_wconf 86' lang='lat' dir='ltr'><strong>super³0</strong></span> 
     </span>
     <span class='ocr_line' id='line_1_32' title="bbox 106 3000 1124 3074; baseline 0.001 -15"><span class='ocrx_word' id='word_1_267' title='bbox 106 3002 191 3059; x_wconf 87' lang='grc'><strong>01000</strong></span> <span class='ocrx_word' id='word_1_268' title='bbox 224 3000 363 3059; x_wconf 88' lang='grc'><strong>00000000</strong></span> <span class='ocrx_word' id='word_1_269' title='bbox 394 3018 471 3074; x_wconf 89' lang='grc'><strong>0000</strong></span> <span class='ocrx_word' id='word_1_270' title='bbox 502 3003 532 3058; x_wconf 88' lang='grc'><strong>00</strong></span> <span class='ocrx_word' id='word_1_271' title='bbox 563 3001 594 3058; x_wconf 90' lang='grc'><strong>10</strong></span> <span class='ocrx_word' id='word_1_272' title='bbox 626 3019 711 3060; x_wconf 88' lang='lat' dir='ltr'><strong>nares</strong></span> <span class='ocrx_word' id='word_1_273' title='bbox 741 3019 842 3061; x_wconf 85' lang='lat' dir='ltr'><strong>eorum</strong></span> <span class='ocrx_word' id='word_1_274' title='bbox 861 3000 996 3059; x_wconf 32' lang='lat' dir='ltr'><strong>,fumum</strong></span> <span class='ocrx_word' id='word_1_275' title='bbox 1032 3001 1124 3060; x_wconf 86' lang='lat' dir='ltr'><strong>istum</strong></span> 
     </span>
     <span class='ocr_line' id='line_1_33' title="bbox 107 3088 1124 3166; baseline 0.001 -18"><span class='ocrx_word' id='word_1_276' title='bbox 107 3090 256 3166; x_wconf 76' lang='lat' dir='ltr'><strong>fumigare</strong></span> <span class='ocrx_word' id='word_1_277' title='bbox 288 3090 342 3152; x_wconf 85' lang='lat' dir='ltr'><strong>fao.</strong></span> <span class='ocrx_word' id='word_1_278' title='bbox 378 3088 413 3146; x_wconf 88' lang='lat' dir='ltr'><strong>In</strong></span> <span class='ocrx_word' id='word_1_279' title='bbox 436 3088 558 3147; x_wconf 86' lang='lat' dir='ltr'><strong>humida</strong></span> <span class='ocrx_word' id='word_1_280' title='bbox 581 3092 680 3148; x_wconf 87' lang='lat' dir='ltr'><strong>autem</strong></span> <span class='ocrx_word' id='word_1_281' title='bbox 704 3090 816 3149; x_wconf 91' lang='grc'><strong>001001</strong></span> <span class='ocrx_word' id='word_1_282' title='bbox 839 3110 919 3166; x_wconf 88' lang='lat' dir='ltr'><strong>aura,</strong></span> <span class='ocrx_word' id='word_1_283' title='bbox 949 3089 1029 3166; x_wconf 91' lang='lat' dir='ltr'><strong>quod</strong></span> <span class='ocrx_word' id='word_1_284' title='bbox 1052 3093 1124 3149; x_wconf 90' lang='lat' dir='ltr'><strong>tunc</strong></span> 
     </span>
     <span class='ocr_line' id='line_1_34' title="bbox 107 3175 1122 3253; baseline -0.001 -17"><span class='ocrx_word' id='word_1_285' title='bbox 107 3179 194 3238; x_wconf 79' lang='lat' dir='ltr'><strong>facile</strong></span> <span class='ocrx_word' id='word_1_286' title='bbox 209 3179 354 3236; x_wconf 90' lang='lat' dir='ltr'><strong>infirmari</strong></span> <span class='ocrx_word' id='word_1_287' title='bbox 369 3177 525 3253; x_wconf 88' lang='lat' dir='ltr'><strong>incipiunt,</strong></span> <span class='ocrx_word' id='word_1_288' title='bbox 549 3175 619 3240; x_wconf 76' lang='lat' dir='ltr'><strong>dille</strong></span> <span class='ocrx_word' id='word_1_289' title='bbox 635 3182 665 3238; x_wconf 90' lang='grc'><strong>00</strong></span> <span class='ocrx_word' id='word_1_290' title='bbox 679 3179 857 3238; x_wconf 72' lang='grc'><strong>0000000100</strong></span> <span class='ocrx_word' id='word_1_291' title='bbox 871 3179 1001 3238; x_wconf 77' lang='grc'><strong>00000010</strong></span> <span class='ocrx_word' id='word_1_292' title='bbox 1016 3178 1122 3253; x_wconf 79' lang='lat' dir='ltr'><strong>accipe,</strong></span> 
     </span>
     <span class='ocr_line' id='line_1_35' title="bbox 104 3267 1122 3343; baseline -0.001 -16"><span class='ocrx_word' id='word_1_293' title='bbox 104 3269 217 3328; x_wconf 85' lang='lat' dir='ltr'><strong>scilicet</strong></span> <span class='ocrx_word' id='word_1_294' title='bbox 250 3269 320 3326; x_wconf 81' lang='lat' dir='ltr'><strong>dille</strong></span> <span class='ocrx_word' id='word_1_295' title='bbox 348 3268 416 3343; x_wconf 89' lang='lat' dir='ltr'><strong>plus</strong></span> <span class='ocrx_word' id='word_1_296' title='bbox 449 3288 540 3343; x_wconf 85' lang='lat' dir='ltr'><strong>quam</strong></span> <span class='ocrx_word' id='word_1_297' title='bbox 572 3269 750 3327; x_wconf 78' lang='lat' dir='ltr'><strong>suertbclum</strong></span> <span class='ocrx_word' id='word_1_298' title='bbox 781 3267 911 3328; x_wconf 75' lang='lat' dir='ltr'><strong>murrata</strong></span> <span class='ocrx_word' id='word_1_299' title='bbox 942 3268 995 3341; x_wconf 90' lang='grc'><strong>010,</strong></span> <span class='ocrx_word' id='word_1_300' title='bbox 1032 3271 1122 3342; x_wconf 84' lang='lat' dir='ltr'><strong>atque</strong></span> 
     </span>
     <span class='ocr_line' id='line_1_36' title="bbox 106 3355 1161 3432; baseline -0.002 -16"><span class='ocrx_word' id='word_1_301' title='bbox 106 3356 218 3432; x_wconf 92' lang='lat' dir='ltr'><strong>pabulo</strong></span> <span class='ocrx_word' id='word_1_302' title='bbox 235 3376 338 3416; x_wconf 92' lang='lat' dir='ltr'><strong>eorum</strong></span> <span class='ocrx_word' id='word_1_303' title='bbox 358 3357 533 3426; x_wconf 87' lang='lat' dir='ltr'><strong>intermisce,</strong></span> <span class='ocrx_word' id='word_1_304' title='bbox 556 3361 592 3416; x_wconf 91' lang='lat' dir='ltr'><strong>ut</strong></span> <span class='ocrx_word' id='word_1_305' title='bbox 612 3359 773 3432; x_wconf 82' lang='lat' dir='ltr'><strong>comedant,</strong></span> <span class='ocrx_word' id='word_1_306' title='bbox 797 3360 827 3416; x_wconf 92' lang='lat' dir='ltr'><strong>et</strong></span> <span class='ocrx_word' id='word_1_307' title='bbox 849 3357 1004 3416; x_wconf 84' lang='lat' dir='ltr'><strong>sanitatem</strong></span> <span class='ocrx_word' id='word_1_308' title='bbox 1025 3355 1057 3414; x_wconf 93' lang='lat' dir='ltr'><strong>in</strong></span> <span class='ocrx_word' id='word_1_309' title='bbox 1081 3357 1122 3414; x_wconf 92' lang='grc'><strong>010</strong></span> <span class='ocrx_word' id='word_1_310' title='bbox 1135 3363 1161 3408; x_wconf 73' lang='lat'><strong>³5</strong></span> 
     </span>
     <span class='ocr_line' id='line_1_37' title="bbox 105 3446 563 3519; baseline 0.002 -14"><span class='ocrx_word' id='word_1_311' title='bbox 105 3447 285 3519; x_wconf 91' lang='lat' dir='ltr'><strong>retinebunt,</strong></span> <span class='ocrx_word' id='word_1_312' title='bbox 310 3466 346 3505; x_wconf 91' lang='lat' dir='ltr'><strong>ne</strong></span> <span class='ocrx_word' id='word_1_313' title='bbox 368 3446 563 3506; x_wconf 81' lang='lat' dir='ltr'><strong>infirmentur.</strong></span> 
     </span>
    </p>

    <p class='ocr_par' dir='ltr' id='par_1_5' title="bbox 175 3533 1129 3612">
     <span class='ocr_line' id='line_1_38' title="bbox 175 3533 1129 3612; baseline -0.006 -16"><span class='ocrx_word' id='word_1_314' title='bbox 175 3538 222 3596; x_wconf 84' lang='lat' dir='ltr'><strong>De</strong></span> <span class='ocrx_word' id='word_1_315' title='bbox 237 3536 347 3599; x_wconf 79' lang='grc'><strong>001000.</strong></span> <span class='ocrx_word' id='word_1_316' title='bbox 381 3533 412 3594; x_wconf 84' lang='lat' dir='ltr'><strong>si</strong></span> <span class='ocrx_word' id='word_1_317' title='bbox 429 3553 497 3594; x_wconf 88' lang='lat' dir='ltr'><strong>oves</strong></span> <span class='ocrx_word' id='word_1_318' title='bbox 511 3534 655 3594; x_wconf 85' lang='lat' dir='ltr'><strong>infirmari</strong></span> <span class='ocrx_word' id='word_1_319' title='bbox 669 3535 826 3612; x_wconf 82' lang='lat' dir='ltr'><strong>incipiunt,</strong></span> <span class='ocrx_word' id='word_1_320' title='bbox 848 3536 947 3610; x_wconf 80' lang='lat' dir='ltr'><strong>accipe</strong></span> <span class='ocrx_word' id='word_1_321' title='bbox 961 3534 1129 3594; x_wconf 80' lang='grc'><strong>1001001000</strong></span> 
     </span>
    </p>
   </div>
   <div class='ocr_carea' id='block_1_3' title="bbox 0 0 1244 3862">
    <p class='ocr_par' dir='ltr' id='par_1_6' title="bbox 0 0 1244 3862">
     <span class='ocr_line' id='line_1_39' title="bbox 0 0 1244 3862; baseline 0 0"><span class='ocrx_word' id='word_1_322' title='bbox 0 0 1244 3862; x_wconf 95' lang='lat' dir='ltr'><strong> </strong></span> 
     </span>
    </p>
   </div>
  </div>
 </body>
</html>
