2460 3862
352 154 495 215 CAUSAE
513 155 560 212 ET
579 154 701 211 CURAE
720 155 788 209 LIB.
807 155 829 209 Ι.
1069 162 1109 220 29

88 341 142 418 qni
165 340 324 417 aliquando
354 341 530 417 quibusdam
557 340 660 415 poenis
686 341 834 417 tangitnr3
867 344 897 400 et
923 341 989 399 ideo
1017 340 1111 399 malae

83 433 157 490 sunt
180 431 217 489 ad
240 431 405 506 potandum
436 433 466 490 et
492 429 626 490 homines
662 428 792 506 laedunt,
822 429 880 489 nisi
907 430 1039 506 primum
1063 448 1109 489 oo·

87 522 236 596 quantur,
276 522 312 579 ut
344 540 361 578 a
396 520 474 578 mala
513 538 618 595 spuma
654 522 823 596 purgentur
864 522 894 578 et
935 519 1110 595 infrigidari

87 608 310 685 permittantur,
342 612 378 668 ut
399 609 444 668 ita
470 627 525 684 pro
551 609 724 668 necessitate
746 607 894 668 bibantur.
940 607 998 667 Sed
1022 609 1111 666 etiam

85 716 142 774 pro
179 698 350 758 necessitate
387 698 425 757 ad
464 716 543 757 escas
578 697 742 774 coquendas
778 697 965 774 aliquantum
998 696 1136 768 valente

86 787 230 862 quoniam
261 786 304 846 ibi
334 806 388 863 per
411 787 572 847 coctionem
599 789 769 864 purgantur
797 787 827 844 61
853 789 925 845 tunc
954 786 1109 845 1111611111-

86 876 185 936 viores
217 875 293 935 fiunt
324 880 355 935 et
381 876 488 935 melius
521 879 672 951 soporant.
718 874 795 933 Nam
822 876 974 934 interdum
1003 876 1109 949 evenit,

84 964 171 1041 quod
202 965 297 1025 malus
329 966 431 1024 fumus
463 984 496 1024 ac
526 965 698 1041 periculosa
729 964 839 1023 nebula
867 965 902 1023 16
931 963 1109 1040 quibusdam

86 1053 212 1112 infirmis
233 1054 386 1114 montibus
410 1054 590 1114 descendunt
617 1058 648 1114 et
670 1054 751 1130 quod
774 1054 863 1113 etiam
887 1073 937 1113 aer
952 1052 1110 1128 aliquando

82 1142 266 1219 quibusdam
288 1144 391 1219 poenis
413 1144 559 1220 tangitur,
593 1146 624 1202 et
649 1143 693 1202 ita
716 1144 859 1203 elementa
881 1142 1055 1203 inficiuntur
1079 1145 1152 1200 6110

86 1234 130 1292 sic
153 1233 238 1309 aquis
259 1233 421 1293 fluviorum
443 1252 477 1292 ac
497 1236 658 1309 puteorum
679 1251 714 1291 ao
729 1233 858 1292 fontium
874 1231 1064 1293 commiscent
1104 1277 1111 1290 .

85 1321 173 1381 Unde
195 1323 305 1381 iterum
328 1322 489 1399 pessimum
508 1341 654 1383 venenum
676 1322 767 1397 qnasi
789 1322 946 1382 mortifera
968 1321 1057 1397 pestis
1080 1320 1112 1378 in

84 1412 127 1470 eis
150 1414 204 1470 est.
247 1411 288 1470 nt
319 1413 344 1471 11
374 1411 506 1471 homines
537 1413 591 1470 aut
619 1413 724 1470 cetera
753 1411 891 1469 animalia
919 1428 1009 1487 aquas
1039 1410 1111 1469 istas

84 1503 159 1560 tnnc
180 1500 296 1576 bibunt,
328 1503 455 1561 mortem
487 1501 529 1560 eis
562 1500 698 1559 inferunt
729 1503 782 1559 aut
810 1500 954 1560 exstantia
980 1499 1112 1558 membra

84 1591 117 1648 in
133 1589 329 1666 deformitate,
353 1594 407 1649 aut
429 1590 510 1666 quod
534 1589 721 1648 debilitatem
740 1590 771 1648 in
794 1589 835 1648 eis
857 1590 979 1649 iaciunt.
1024 1587 1110 1647 Unde
1126 1600 1153 1646 15

84 1697 203 1738 necesse
225 1681 278 1755 est,
309 1699 346 1738 ne
374 1682 447 1738 tnnc
471 1679 622 1754 bibantur,
658 1679 715 1738 nisi
740 1682 840 1738 coctae
870 1679 937 1750 sint,
969 1679 1111 1754 quoniam

83 1787 140 1845 per
169 1786 305 1845 spumam
341 1769 481 1828 coctionis
512 1787 660 1829 venenum
688 1771 725 1826 16
753 1769 794 1828 eis
818 1768 937 1828 eiciunt.
982 1766 1058 1850 Nam
1087 1768 1112 1825 si

83 1859 241 1916 necessitas
269 1857 399 1935 aliquem
429 1857 583 1917 hominem
613 1858 754 1934 coegerit,
789 1859 825 1916 nt
848 1876 896 1916 eas
918 1855 1010 1933 bibat,
1040 1875 1111 1933 qno·

84 1946 167 2004 niam
190 1946 263 2005 alias
295 1947 409 2022 aliquas
441 1946 478 2005 ad
502 1945 664 2005 bibendum
687 1965 746 2006 non
773 1945 870 2022 habet,
904 1965 952 2006 eas
979 1947 1111 2022 primum

81 2038 197 2110 coquat
233 2038 263 2094 et
293 2036 466 2112 refrigerari
488 2036 645 2111 permittat
669 2038 699 2094 et
726 2035 767 2094 sio
790 2035 882 2108 bibat,
912 2035 983 2112 qnia
1006 2055 1109 2094 rarum
1124 2045 1152 2090 2]

87 2128 141 2196 est,
171 2124 244 2200 quin
275 2123 371 2184 ineis
395 2125 496 2200 aliqua
522 2124 656 2200 pericula
678 2125 737 2184 sint
768 2127 821 2183 aut
844 2124 879 2184 16
908 2144 975 2185 aare
997 2128 1051 2183 aut
1074 2124 1110 2183 de

87 2213 267 2289 volatilibus,
298 2233 373 2290 quae
400 2215 432 2272 in
460 2214 501 2273 111
524 2215 672 2289 lavantur,
704 2216 757 2272 ant
785 2212 821 2272 16
843 2214 998 2273 mortifero
1023 2213 1109 2285 ma10,

85 2303 169 2379 quod
191 2302 222 2361 in
245 2303 438 2363 cadaveribus
469 2304 658 2362 mortuorum
690 2305 742 2378 est,
771 2322 846 2378 quaa
877 2303 909 2360 in
939 2321 969 2361 se
991 2301 1110 2362 habent.

85 2391 126 2450 nt
152 2391 219 2450 ideo
246 2411 361 2452 necesse
388 2395 499 2463 estne
526 2392 557 2451 in
585 2410 656 2452 usus
683 2391 837 2450 hominum
861 2395 1026 2462 sumantur,
1050 2390 1108 2448 nisi

83 2481 171 2557 prius
214 2485 388 2557 coquantur.
433 2480 494 2540 Ubi
521 2483 622 2541 autem
655 2481 740 2556 parvi
771 2484 802 2539 et
841 2479 934 2539 lucidi
972 2482 1001 2537 et
1039 2479 1109 2554 puri
1123 2488 1152 2534 25

86 2570 282 2642 firmisunt,
316 2571 369 2647 qni
393 2570 428 2629 de
452 2570 517 2630 eliis
541 2570 626 2646 aquis
650 2570 734 2645 quasi
757 2569 904 2644 quaedam
925 2586 1017 2628 venae
1040 2587 1109 2643 pro-

87 2659 206 2732 cedunt,
235 2659 286 2718 isti
312 2679 367 2734 per
393 2660 607 2720 emanationem
630 2677 714 2718 suem
741 2662 910 2736 purgantur
933 2660 963 2716 61
985 2657 1055 2717 boni
1078 2676 1112 2717 ac

85 2748 180 2807 utiles
219 2751 289 2808 sunt
328 2749 366 2807 ad
406 2748 554 2824 quoslibet
590 2766 663 2808 usus
699 2747 853 2807 hominum
894 2752 924 2807 et
957 2766 1110 2822 pecorum.

87 2838 194 2913 Aquae
217 2840 317 2896 autem
339 2838 512 2912 pluviarum
537 2856 655 2912 asperae
679 2840 749 2898 sunt
771 2842 802 2897 et
825 2839 861 2897 ab
878 2837 1002 2896 infirmis
1018 2837 1110 2896 homi-

86 2927 176 2986 nibus
198 2926 327 2985 foetores
348 2929 379 2985 61
400 2927 494 2986 malos
516 2926 655 2987 humores
684 2930 714 2986 61
736 2927 859 3003 putrida
882 2927 1032 3002 auferunt,
1061 2925 1152 2985 11110

86 3033 175 3075 sanos
198 3015 386 3095 aliquantum
402 3016 533 3092 laedunt,
557 3017 639 3092 quod
654 3016 685 3074 in
701 3016 743 3075 eis
765 3037 825 3076 non
840 3017 1004 3092 inveniunt,
1028 3016 1109 3090 quod

86 3107 226 3182 purgent.
256 3104 295 3163 Et
309 3104 372 3177 hae,
397 3123 465 3163 cnm
480 3106 511 3164 in
527 3105 659 3164 cisternis
674 3105 821 3182 steterint,
843 3106 969 3166 leniores
984 3104 1061 3162 fiunt
1077 3107 1107 3162 et

85 3194 166 3253 sanis
189 3197 218 3252 61
240 3193 364 3253 infirmis
387 3193 557 3254 hominibus
579 3194 672 3254 bonae
695 3197 774 3256 sunt.
820 3194 876 3254 Sed
904 3198 1003 3254 tamen
1034 3211 1111 3266 aqna

88 3282 261 3342 salientium
284 3286 314 3341 et
335 3283 494 3342 fluentium
516 3283 646 3343 fontium
669 3284 765 3343 multo
789 3284 924 3343 meliores
939 3283 1018 3344 sunt.
1053 3279 1110 3340 Sed

85 3375 115 3431 61
138 3389 207 3430 cum
230 3372 274 3431 sol
297 3373 432 3432 calorem
459 3391 548 3431 suum
579 3371 616 3430 ad
644 3391 674 3432 se
697 3372 799 3445 trahit,
830 3391 924 3448 aquae
947 3370 1110 3429 maximum
1123 3378 1151 3424 05

83 3460 181 3538 frigus
207 3459 318 3520 habent
344 3463 374 3520 61
396 3481 533 3537 spumam
563 3480 657 3540 suam,
684 3456 800 3524 scilicet
823 3462 942 3538 nivem,
966 3460 1128 3526 emittent,

83 3568 160 3623 quae
182 3553 287 3608 terram
312 3551 411 3628 operit
432 3555 463 3614 61
488 3553 681 3618 viriditatem
701 3558 805 3618 terrae
819 3553 1006 3633 impinguat
1023 3566 1065 3607 aa
1080 3561 1154 3602 eam
