2460 3862
360 113 509 170 CAUSAE
528 115 574 170 ET
593 114 714 170 CURAE
733 115 800 170 ΜΒ.
819 115 853 170 ΙΙ.
1073 120 1114 180 97

95 298 157 358 cito
188 297 338 375 deficeret,
376 299 515 376 quoniam
550 298 706 358 infirmitas
739 299 811 358 baec
845 299 1005 376 aliquando
1036 299 1113 375 peri·

94 388 201 449 cnlosa
222 390 276 450 est.

166 478 214 536 De
235 477 347 545 baldus
367 478 477 550 foetore
498 479 535 536 lc
557 495 636 536 acra
658 477 808 539 nebuloso.
853 477 915 535 Alii
940 480 1039 536 autem
1061 477 1113 536 ho·

97 566 194 626 mines
215 570 294 642 sunt,
318 567 372 644 qui
393 568 425 626 in
447 567 590 627 nebulosa
611 568 641 626 et
660 566 784 625 humida
798 567 940 641 temperie
955 567 1031 625 aeris
1047 585 1113 626 eon·

94 654 259 733 cipiantur,
283 657 361 715 unde
384 656 474 716 etiam
489 655 649 715 foetentem
665 658 695 714 et
710 656 786 713 male
802 654 973 714 odorantem
988 655 1116 714 halitum
1129 666 1144 710 5

95 748 129 803 et
151 744 227 804 male
250 744 422 805 odorantem
450 744 588 807 sudorem
616 763 731 821 semper
758 744 875 804 habent.
919 744 959 802 Et
985 745 1116 804 foetidus

96 833 210 893 halitus
233 853 336 894 eorum
355 838 445 911 atque
460 835 532 892 mali
547 835 694 904 humores,
719 833 818 910 quiin
833 833 905 909 ipsis
920 835 998 903 sunt,
1020 852 1116 909 usqne

95 921 136 982 ad
159 923 312 982 cerebrum
335 943 437 983 eorum
460 924 637 1001 pertingunt
659 926 689 982 et
710 923 787 981 illud
815 923 859 981 ita
885 922 917 980 in
943 922 1117 982 infirmitate
1175 944 1179 954 ·

99 1011 238 1088 fatigent,
262 1013 343 1089 quod
364 1013 537 1072 multotiens
552 1013 682 1072 velutin
698 1011 878 1071 oblivionem
894 1012 941 1069 sui
957 1010 1116 1073 ducuntur.

97 1100 159 1172 Qui
182 1100 208 1160 si
229 1101 337 1178 flegma
359 1102 396 1160 de
419 1102 514 1177 eapite
537 1101 656 1177 eiciunt,
679 1101 777 1160 minus
801 1101 914 1174 dolent,
944 1102 1158 1177 quiscere-10

97 1189 189 1250 brum
212 1209 315 1250 eorum
339 1195 501 1267 purgatum
524 1190 549 1250 si
571 1209 642 1250 vero
657 1189 764 1266 flegma
779 1208 838 1249 non
854 1189 973 1262 eiciunt,
996 1189 1117 1267 gravius

95 1279 130 1338 in
156 1279 251 1355 capite
274 1283 466 1356 torquentur,
495 1280 636 1355 quoniam
668 1278 822 1338 cerebrum
853 1298 958 1338 eorum
984 1279 1117 1338 ancxiis

96 1366 276 1428 humoribus
307 1388 365 1428 non
388 1369 547 1429 revelatur.
593 1368 632 1428 nt
655 1369 770 1427 foetens
792 1368 903 1428 halitus
931 1369 1058 1428 istorum
1080 1368 1118 1426 ad

96 1457 270 1534 pulmonem
291 1458 399 1517 transit
421 1462 450 1517 et
465 1478 535 1518 eum
550 1458 666 1534 fatigat,
689 1457 734 1515 ita
750 1456 831 1534 quod
847 1458 937 1516 etiam
957 1456 1117 1533 aliquando

96 1565 218 1606 raucam
240 1565 342 1606 vocem
364 1545 481 1608 hebent.
526 1546 584 1606 Sed
607 1550 705 1606 tamen
730 1547 816 1606 dolor
837 1547 894 1605 iste
909 1566 967 1606 non
984 1546 1113 1605 multum
1129 1556 1156 1599 15

95 1635 299 1712 periculosum
321 1641 373 1708 est,
397 1637 468 1713 quie
491 1637 551 1696 cito
574 1637 672 1696 curari
695 1637 815 1712 poterit.

167 1726 214 1784 De
236 1729 375 1799 conceptu
401 1727 436 1784 ln
457 1726 639 1804 plenilunio.
686 1724 813 1795 Quidam
846 1726 947 1782 autem
977 1724 1118 1799 homines,

96 1813 154 1890 qui
175 1814 207 1872 in
233 1815 321 1890 plena
347 1815 418 1873 luna
446 1818 477 1873 et
502 1816 666 1890 temperata
694 1833 768 1871 aura
795 1813 1013 1890 concipiuntur,
1042 1833 1119 1890 qnae

96 1920 154 1961 nec
175 1903 263 1962 nimis
286 1903 382 1963 calida
405 1922 458 1962 nec
480 1904 568 1962 nimis
591 1903 702 1980 frigida
725 1906 784 1978 est,
807 1903 964 1978 senisunt
986 1906 1016 1962 et
1038 1904 1120 1963 avari

95 1992 130 2050 in
154 1993 331 2052 comestione
357 1990 499 2066 ciborum,
523 1993 567 2051 ita
590 1992 672 2068 quod
696 1992 828 2052 diversos
851 1990 932 2051 cibos
954 1993 1120 2051 indifferen·
1133 2000 1162 2045 20

97 2085 148 2139 ter
185 2084 316 2142 sumunt.
374 2080 414 2140 Et
453 2082 588 2158 quamvis
629 2081 761 2140 diversos
802 2080 881 2140 cibos
919 2081 1122 2142 indifferenter

96 2169 256 2229 comedant
277 2172 308 2229 et
330 2169 482 2230 comedere
505 2170 632 2245 possint,
666 2189 682 2228 a
705 2169 883 2245 quibusdam
905 2171 1004 2230 tamen
1026 2172 1121 2230 noxiis

96 2258 174 2318 cibis
210 2276 241 2318 se
271 2259 417 2318 abstinere
449 2258 603 2334 deberent,
634 2258 719 2318 velut
749 2261 880 2333 venator,
914 2259 967 2334 qui
999 2259 1122 2319 inutiles

98 2349 178 2406 ieras
202 2347 283 2407 obire
306 2347 463 2425 permittit,
486 2348 575 2407 utiles
598 2351 699 2406 autem
722 2349 810 2424 capit.

165 2436 212 2497 Do
234 2439 329 2511 epatis
350 2437 555 2511 ludiceslloce.
590 2435 622 2495 Si
646 2437 712 2513 quis
733 2437 862 2496 istorum
885 2436 1019 2496 diversos
1040 2436 1120 2496 cibos
1134 2446 1164 2490 ns

95 2525 292 2586 immoderate
316 2530 346 2586 et
367 2526 524 2586 indiscrete
548 2526 716 2602 sumpserit,
739 2530 811 2585 tune
827 2525 863 2583 de
880 2525 1002 2584 diversis
1016 2523 1122 2586 humo·

96 2615 183 2674 ribus
205 2615 333 2676 istorum
361 2616 496 2675 ciborum
525 2615 608 2674 iecur
636 2616 699 2675 eius
729 2615 860 2674 laeditur
889 2617 918 2672 et
950 2614 1121 2687 indurescit,

96 2704 144 2763 ito
177 2704 257 2780 quod
294 2704 443 2764 salubrem
477 2722 607 2780 succum,
642 2724 731 2781 quem
756 2703 841 2763 velut
872 2706 1061 2780 unguentum
1090 2705 1122 2763 in

96 2811 235 2869 quaeque
267 2793 398 2852 membra
432 2796 463 2853 et
498 2794 529 2852 in
563 2794 750 2870 compagines
787 2790 988 2852 membrorum
1027 2796 1057 2853 et
1091 2795 1122 2852 in

95 2882 258 2941 scamarum
279 2883 398 2942 mittere
420 2881 568 2959 deberent,
591 2883 628 2941 de
651 2882 774 2942 diversis
790 2886 820 2941 et
835 2883 930 2941 noxiis
944 2883 1122 2944 humoribus
1134 2892 1163 2937 eo

95 2971 265 3031 sauciatum
287 2971 418 3046 haberet,
448 2972 491 3031 itu
514 2972 594 3048 quod
618 2972 708 3030 etiam
731 2971 892 3049 aliquando
916 2991 983 3031 caro
1005 2973 1067 3032 eius
1090 2974 1120 3031 in

95 3060 200 3137 aliquo
227 3061 292 3120 loco
324 3061 525 3120 membrorum
557 3061 588 3119 in
620 3064 769 3120 tumorem
800 3063 942 3136 vertitur,
981 3064 1011 3120 et
1041 3062 1121 3138 quod

96 3149 203 3209 eadem
223 3168 291 3209 coro
312 3149 466 3222 scinditur,
488 3152 518 3209 et
539 3149 620 3227 quod
635 3150 724 3208 etiam
739 3151 861 3227 aliquod
876 3150 1043 3209 membrum
1058 3151 1120 3209 eius

97 3239 143 3299 ita
165 3238 303 3314 laeditur,
326 3240 407 3315 quod
429 3239 460 3298 in
484 3257 518 3298 eo
542 3239 697 3303 claudicat.

164 3328 210 3388 De
232 3345 392 3388 aaronem
414 3329 631 3402 intimatione.
668 3327 726 3388 Sed
748 3331 848 3387 tamen
871 3328 921 3387 isti
943 3329 973 3386 in
996 3327 1119 3386 infirmi·
1134 3337 1161 3382 3⁵

95 3418 158 3476 tate
180 3416 237 3477 heo
259 3417 311 3477 diu
332 3417 432 3478 vivere
454 3422 586 3494 possunt.

163 3507 209 3567 De
237 3510 376 3581 concepta
404 3511 431 3567 el
458 3508 554 3582 epatis
580 3505 803 3584 intimatione,
845 3504 927 3566 Sunt
951 3506 1049 3565 etism
1075 3507 1136 3563 alh

148 3614 303 3672 ffllaegardls
316 3625 404 3661 carsae
418 3617 443 3661 et
458 3627 534 3666 cume
549 3618 587 3665 ed.
603 3618 730 3669 Kaiser.
1000 3607 1021 3661 ‘l
