2460 3862
128 149 190 208 108
512 139 759 196 HILDEGARDIS

126 326 266 402 purgatio
289 325 342 384 illa
363 325 475 399 finitur,
498 323 626 384 calvaria
648 324 836 383 concluditur
859 327 889 384 et
903 341 993 384 venas
1010 322 1154 400 continet,

126 435 162 474 ne
186 414 313 491 amplius
336 414 508 491 sauguinem
536 412 672 490 educant,
701 411 786 473 velut
818 411 965 490 quaedam
996 415 1155 491 congeries

125 504 260 579 lapidum
294 506 324 563 et
353 503 504 580 lignorum
535 503 643 562 flumen
676 503 799 574 retinet,
828 521 866 561 ne
899 521 991 578 supra
1024 502 1153 562 modum

126 593 238 654 effluat.
283 591 340 651 Sed
368 591 520 651 interdum
547 590 693 668 quaedam
720 591 861 650 mulieres
888 590 1022 651 dolorem
1049 591 1152 652 diver·

98 694 226 741 asarum
258 681 387 741 febrium
416 680 526 740 habent
552 684 583 739 et
609 680 741 740 dolorem
769 679 912 740 stomachi
934 683 965 740 et
987 680 1095 740 lateris
1119 699 1151 740 ac

125 789 238 846 renum,
262 774 292 830 et
314 770 430 830 dolores
452 769 503 828 isti
526 769 670 829 calvariae
689 769 841 842 resistunt,
863 789 900 829 ne
913 769 995 829 iusto
1011 772 1151 846 tempora

124 877 179 920 suo
213 859 378 935 claudatur,
412 859 498 918 velut
532 858 677 935 quaedam
710 859 856 935 procellae
886 857 1060 917 inundando
1085 859 1151 919 looa

124 947 262 1008 obstrusa
283 950 445 1023 transeunt,
478 948 573 1007 etita
595 948 687 1007 rivuli
710 947 861 1024 sanguinis
883 947 914 1006 in
937 947 1063 1007 muliere
1097 948 1150 1007 illa

124 1039 156 1096 in
186 1038 298 1097 iniusto
329 1040 462 1114 tempore
493 1036 659 1096 inordinate
689 1037 826 1099 effluunt.
872 1036 912 1094 llt
942 1039 1017 1096 tunc
1038 1037 1152 1096 mulier

85 1139 112 1182 10
125 1127 178 1187 illa
199 1127 231 1185 in
255 1126 357 1186 dolore
380 1129 426 1186 est
448 1125 532 1185 velut
559 1125 667 1202 aliquis
693 1127 749 1201 vir,
780 1126 834 1201 qui
863 1125 942 1185 ferro
972 1126 1151 1190 vulneratus

125 1220 178 1288 est,
201 1218 230 1274 et
252 1216 319 1274 ideo
343 1234 377 1275 ec
399 1217 532 1291 tempore
555 1233 623 1274 cum
646 1214 763 1274 cautela
792 1233 823 1273 se
846 1215 995 1290 observet,
1023 1233 1062 1275 ne
1082 1215 1152 1275 inde

125 1306 194 1381 plus
216 1305 365 1379 laedatur,
396 1304 468 1380 quia
490 1304 580 1363 etiam
602 1303 746 1363 medicina
774 1322 843 1362 cum
869 1304 978 1363 timore
1006 1304 1034 1362 ei
1063 1303 1150 1363 adhi-

125 1393 221 1454 benda
248 1396 300 1455 est.

192 1483 238 1542 De
260 1486 400 1556 conceptu
423 1486 450 1541 et
466 1486 569 1556 portu.
613 1481 755 1540 Mulieres
778 1484 888 1556 autem,
917 1499 993 1558 quae
1016 1481 1151 1542 infirmos

9 1595 13 1607 x
85 1584 112 1628 15
124 1572 264 1631 humores
280 1591 349 1631 cum
364 1571 490 1648 sagittis,
508 1571 589 1647 quod
604 1574 693 1648 gutta
712 1570 764 1642 (in
780 1571 821 1630 eis
837 1572 917 1646 est>,
933 1571 964 1628 in
980 1589 1012 1629 se
1027 1569 1150 1644 habent,

126 1680 194 1720 cum
217 1661 331 1738 magnis
355 1659 506 1720 doloribus
530 1660 667 1737 gignunt,
691 1660 763 1735 quia
785 1679 854 1718 oum
875 1660 1006 1718 claustra
1025 1660 1150 1720 infantis

126 1753 304 1825 reserantur,
327 1750 467 1809 humores
489 1751 695 1825 tempestatem
718 1747 841 1824 faciunt,
869 1749 914 1807 ita
936 1748 1019 1825 quod
1041 1749 1151 1808 localia

126 1839 191 1898 loca
206 1839 302 1897 exitus
317 1839 381 1898 eius
397 1841 451 1897 aut
470 1837 690 1897 intumescendo
707 1841 760 1896 aut
770 1837 930 1897 ulcerando
942 1836 1149 1914 prohibentur,

127 1927 379 2003 quemadmodum
400 1927 577 1986 inundantes
600 1930 631 1985 et
653 1928 800 1986 irruentes
821 1927 931 1985 fluctus
950 1930 1067 1986 rectum
1091 1928 1150 1988 iter

85 2027 114 2071 20
127 2017 218 2075 rivuli
240 2019 361 2092 repente
388 2016 557 2092 prohibent,
587 2017 631 2074 ita
661 2015 742 2092 quod
773 2016 890 2074 rivulus
920 2015 972 2074 ille
1003 2020 1034 2074 iu
1065 2021 1149 2076 recto

127 2105 233 2164 itinere
256 2124 310 2164 suo
332 2105 423 2164 fluere
445 2125 504 2165 nou
527 2108 635 2181 potest,
670 2109 701 2163 et
733 2104 813 2180 quod
845 2105 935 2163 etiam
965 2105 1064 2163 notari
1088 2125 1147 2165 non

128 2197 235 2271 potest,
258 2193 311 2252 ubi
333 2194 391 2253 iter
417 2195 500 2253 illius
528 2196 575 2255 sit.
621 2194 661 2252 llt
691 2193 746 2253 hac
779 2193 967 2270 oppressione
998 2197 1062 2252 tam
1095 2194 1149 2253 diu

127 2285 184 2344 iter
205 2284 327 2343 infantis
349 2283 534 2361 prohibetur,
557 2302 652 2359 usque
667 2283 740 2341 dum
755 2302 808 2357 per
831 2283 960 2360 gratiam
982 2283 1031 2341 dei
1053 2285 1148 2359 spira·

128 2364 232 2433 culum
253 2374 340 2448 vitae,
365 2372 446 2449 quod
469 2372 566 2430 annua
589 2375 642 2443 est,
665 2391 695 2430 se
716 2372 831 2431 excutit
845 2390 915 2431 cum
929 2390 1061 2447 corpore,
1086 2373 1148 2433 sive

87 2472 115 2518 25
128 2464 225 2522 infans
248 2463 332 2522 vivat
354 2463 416 2522 sive
438 2464 577 2521 mortuus
599 2461 648 2521 sit.
695 2460 782 2531 Quod
809 2461 834 2520 si
861 2461 969 2520 mulier
997 2462 1148 2538 magnitu-

126 2552 224 2612 dinem
247 2552 437 2629 pinguedinis
465 2551 560 2610 oarnis
595 2550 692 2621 habet,
726 2553 799 2609 tuno
833 2550 890 2609 iter
921 2550 1044 2609 infantis
1076 2570 1148 2627 prae

125 2641 305 2719 pinguedine
328 2644 477 2700 maternae
501 2639 596 2699 carnis
623 2639 795 2697 intumescit
826 2642 857 2698 et
888 2639 1070 2711 obstruitur,
1102 2640 1146 2699 ita

127 2730 207 2806 quod
229 2749 396 2807 praegnans
419 2729 551 2788 multum
574 2728 699 2803 laborat,
722 2747 818 2804 usque
841 2727 914 2786 dum
937 2747 990 2803 per
1016 2729 1148 2805 gratiam

126 2819 174 2877 dei
196 2820 378 2895 spiraculum
401 2819 488 2893 vitae,
511 2817 593 2894 quod
614 2817 646 2875 in
668 2816 781 2875 infante
804 2821 857 2888 est,
880 2835 911 2876 se
935 2835 1003 2876 cum
1023 2837 1148 2895 corpore

84 2919 113 2964 30
126 2926 180 2966 suo
208 2909 328 2966 excutit.
374 2907 405 2966 Si
434 2910 534 2966 autem
567 2907 677 2964 femina
708 2910 787 2966 reete
818 2909 982 2982 temperata
1013 2911 1072 2981 est,
1103 2908 1148 2966 ita

126 2996 206 3073 quod
229 3015 282 3055 nec
304 2996 391 3055 nimis
414 2997 536 3073 pinguis
558 3014 612 3054 nec
634 2995 722 3054 nimis
745 3014 844 3054 macra
871 3013 925 3055 nec
950 2995 1070 3055 infirma
1098 3015 1145 3056 ex·

125 3086 212 3157 sistit,
235 3089 309 3144 tunc
330 3086 388 3144 iter
410 3085 532 3143 infantis
555 3103 623 3143 cum
646 3084 756 3142 iniusto
789 3085 927 3143 tumultu
957 3085 989 3143 in
1020 3105 1055 3145 ea
1086 3105 1146 3146 nou

124 3174 309 3252 prohibetur.
356 3173 414 3233 Sed
434 3176 534 3232 tamen
557 3175 594 3233 ab
622 3173 708 3232 initio
732 3174 930 3233 constitutum
955 3173 1090 3234 laborem
1117 3179 1147 3235 et

125 3269 219 3324 mater
242 3267 272 3323 et
294 3263 390 3322 infans
413 3263 575 3340 patientur,
598 3266 629 3322 et
650 3261 766 3322 labores
788 3263 834 3321 illi
848 3265 929 3322 recto
945 3263 1147 3324 moderamine

84 3365 111 3410 35
125 3355 275 3416 eveniunt.
319 3352 359 3411 Et
381 3352 516 3426 feminae,
541 3371 617 3429 quae
632 3351 758 3428 pingues
774 3371 833 3411 non
848 3355 919 3410 sunt
933 3371 987 3412 nec
1001 3353 1146 3426 infirmae,

124 3444 214 3502 etiam
236 3444 262 3502 si
284 3442 416 3501 multum
438 3460 553 3501 macrae
586 3443 664 3515 sunt,
697 3440 755 3500 iter
788 3441 911 3500 infantis
944 3441 976 3501 iu
1010 3443 1053 3502 eis
1085 3462 1147 3503 non

117 3532 304 3605 prohibetur.
361 3531 419 3592 Sed
453 3535 552 3590 tamen
585 3530 783 3590 coustitutum
818 3531 853 3590 ab
888 3531 975 3590 initio
1010 3531 1148 3593 laborem
