2460 3862
326 127 472 184 cAUsAn
490 128 537 184 ET
556 128 677 184 cusin
695 129 762 184 LIB.
780 129 815 184 Il.
1035 136 1076 193 65

59 331 173 389 corpus
208 321 276 373 cum
310 331 395 371 carne
430 316 460 372 et
493 313 636 391 sanguine
673 332 733 372 non
770 313 827 372 nisi
865 333 919 390 per
953 314 1080 372 animam

62 404 250 474 moveretur;
273 401 371 460 anima
386 405 486 461 autem
501 403 564 462 sine
580 421 703 478 corpore
718 403 818 463 vivere
839 407 948 479 potest,
970 423 1079 478 nequa·

62 511 159 568 quam
182 493 282 550 autem
304 509 412 567 corpus
440 491 503 550 sine
526 491 623 550 anima
644 492 733 567 vivit,
765 511 842 568 quae
863 496 932 568 post
959 493 1080 551 novissi·

63 600 152 639 mum
174 580 253 639 diem
275 580 484 639 indumentum
506 599 595 638 suum
617 581 744 656 reposcit
767 585 798 640 et
819 581 896 640 illud
919 581 1081 641 secundum

62 669 245 729 desiderium
260 688 349 728 suum
364 673 436 729 tunc
458 669 546 746 regit.
584 668 632 729 Sic
655 689 775 747 quoque
797 670 886 729 homo
909 672 941 729 in
964 671 1108 729 duabus5

62 760 182 818 naturis
205 762 262 830 est,
294 758 406 818 scilicet
429 777 536 834 corpus
559 763 589 818 et
612 761 720 836 anima,
754 763 791 818 ut
819 760 909 818 etiam
932 778 999 818 caro
1023 779 1081 818 non

62 848 128 906 sinc
156 847 298 924 sangiune
329 866 382 906 nec
409 849 530 925 sanguis
557 849 619 907 sine
642 868 728 908 carne
750 852 807 921 est,
832 868 907 924 quae
929 851 1028 906 tamen
1050 849 1082 905 in

62 940 174 996 natura
195 955 250 995 sua
272 935 429 996 dissimiles
453 938 531 1013 sunt,
555 941 586 997 et
608 938 685 996 sicut
708 939 805 996 anima
827 938 997 996 nullatenus
1020 937 1082 995 sine

62 1044 189 1101 corpore
220 1026 259 1084 sit
288 1028 329 1105 et
350 1027 422 1085 deus
453 1025 538 1085 nullo
568 1027 656 1085 modo
686 1028 749 1086 sine
780 1046 868 1103 opere
900 1030 953 1090 est.
999 1025 1081 1101 Opus

63 1115 145 1174 enim
177 1133 267 1173 suum
298 1116 365 1174 ante
398 1135 505 1175 aarum
537 1117 623 1175 etin
647 1133 717 1175 aevo
746 1116 932 1176 aeternaliter
958 1116 989 1174 in
1016 1116 1081 1190 ipso
1096 1125 1123 1170 10

62 1204 165 1279 latuit,
194 1203 445 1280 quemadmodum
467 1205 565 1262 anima
587 1204 777 1265 invisibiliter
799 1206 830 1263 in
853 1223 975 1280 corpore
998 1205 1080 1265 latet.

62 1293 175 1352 Anima
197 1297 297 1352 autem
320 1294 381 1353 sina
405 1312 534 1373 corpore,
549 1295 633 1370 vivit,
658 1297 689 1354 et
703 1298 771 1370 post
785 1295 980 1354 novissimum
1003 1293 1080 1352 diem

62 1382 276 1441 indumentum
297 1401 387 1442 suum
409 1402 427 1441 a
449 1383 504 1442 deo
528 1383 683 1458 desiderat,
706 1387 743 1442 ut
764 1383 822 1443 sibi
845 1383 922 1442 illud
938 1383 1080 1456 attrahat3

63 1474 95 1530 et
117 1471 161 1528 ita
183 1471 274 1530 etiam
298 1471 382 1548 deus,
415 1472 469 1548 qui
497 1475 564 1531 ante
592 1491 697 1533 aevum
724 1475 755 1532 et
780 1472 812 1530 in
840 1492 911 1532 aevo
934 1473 998 1531 vitu
1019 1473 1081 1530 sine

61 1559 211 1636 principio
234 1561 308 1631 fuit,
339 1561 370 1619 in
397 1561 559 1620 constituto
588 1565 720 1637 tempore
747 1562 955 1620 indumentum
982 1580 1078 1635 suum,
1094 1573 1121 1618 15

61 1649 147 1725 quod
162 1649 349 1709 aeternaliter
364 1650 393 1708 in
411 1650 475 1726 ipso
491 1651 590 1726 latuit,
614 1651 670 1709 sibi
690 1651 821 1712 attraxit.
859 1651 899 1710 Et
913 1650 969 1710 hoc
990 1650 1078 1709 modo

60 1739 137 1797 deus
170 1741 201 1796 et
226 1737 314 1798 homo
341 1759 436 1798 unum
466 1742 537 1798 sunt
559 1743 595 1798 ut
622 1734 719 1798 anima
746 1743 776 1799 et
799 1759 914 1816 corpus,
938 1739 1079 1816 quoniam

60 1827 137 1886 deus
152 1827 301 1886 hominem
315 1828 353 1887 ad
375 1829 535 1905 imaginem
559 1833 589 1887 et
604 1829 640 1888 ad
657 1829 884 1888 similitudinem
899 1844 984 1888 suam
998 1829 1079 1892 fecit.

60 1915 107 1975 Ut
130 1920 230 1975 autem
253 1936 390 1994 quaeque
420 1936 466 1976 res
493 1918 630 1976 umbram
660 1917 763 1993 habet,
795 1919 836 1977 sic
869 1919 959 1977 etiam
990 1916 1078 1977 homo

60 2003 172 2063 umbra
203 2005 251 2064 dci
278 2008 323 2065 est
354 2009 385 2065 et
415 2006 522 2065 umbra
555 2007 682 2066 ostensio
710 2009 844 2066 facturae
871 2010 916 2066 est
938 2010 968 2066 et
990 2007 1079 2068 homo
1092 2019 1120 2066 20

59 2094 274 2170 omnipotentis
302 2095 351 2154 dei
376 2096 407 2153 in
439 2095 577 2155 omnibus
604 2096 755 2155 miraculis
785 2096 847 2155 suis
871 2097 998 2156 ostensio
1025 2101 1078 2173 est,

58 2184 188 2259 ipseque
223 2182 330 2242 umbra
364 2187 421 2255 est,
457 2185 529 2260 quia
563 2185 686 2243 initium
722 2185 819 2246 habet.
865 2185 946 2245 Deus
979 2190 1079 2246 autem

57 2291 116 2332 nec
138 2271 259 2331 initium
280 2291 334 2332 nec
361 2273 449 2332 finem
476 2272 573 2335 habet.
617 2274 704 2334 Unde
731 2275 827 2335 omnis
854 2275 987 2335 caelestis
1009 2276 1078 2333 har·

57 2360 163 2420 monia
177 2361 331 2437 speculum
346 2362 513 2421 divinitatis
528 2365 581 2439 est,
605 2367 636 2423 et
655 2364 744 2423 homo
767 2365 922 2441 speculum
945 2364 1078 2424 omnium

57 2450 278 2509 miraculorum
299 2453 345 2511 est
367 2451 424 2513 dei.
1090 2464 1118 2510 25

129 2539 176 2599 De
197 2541 395 2614 crematione.
439 2540 523 2600 Tunc
550 2541 640 2600 etiam
667 2543 806 2620 flegmata
832 2545 862 2601 et
884 2541 1023 2601 humores
1045 2541 1077 2600 in

57 2647 96 2689 eo
129 2632 276 2701 crescunt,
308 2628 472 2689 secundum
506 2629 588 2706 quod
618 2634 726 2690 natura
759 2630 878 2690 seminis
911 2631 974 2689 cius
1008 2631 1076 2703 fuit,

57 2717 206 2794 quoniam
233 2718 395 2778 secundum
424 2718 506 2794 quod
528 2719 667 2778 triticum
689 2723 742 2779 aut
764 2720 854 2797 siligo
877 2724 931 2779 aut
953 2720 1077 2780 ordeum

57 2806 234 2879 seminatur,
262 2808 425 2868 secundum
447 2807 503 2868 hoo
526 2809 669 2868 etiamst
691 2829 784 2886 grana
807 2810 985 2877 naturaliter
1006 2829 1074 2886 pro·

58 2897 173 2956 ferunt.
216 2896 257 2955 Et
283 2897 362 2956 sicut
389 2898 533 2974 superflui
561 2898 702 2958 humores
728 2899 760 2958 in
787 2899 906 2959 homine
933 2903 995 2957 tam
1022 2900 1076 2959 diu
1090 2911 1117 2956 30

60 2984 100 3043 ad
123 2985 251 3045 multam
273 2986 417 3046 insaniam
438 2990 468 3047 et
483 2987 514 3046 in
529 2987 626 3046 multa
640 2988 774 3062 pericula
788 2990 957 3060 vertuntur,
980 3008 1076 3066 usque

59 3073 138 3133 dum
160 3074 255 3134 sedati
278 3079 391 3136 cessent
413 3080 444 3136 at
474 3095 571 3154 usque
600 3076 674 3136 dum
705 3078 737 3136 in
767 3080 879 3137 rectam
908 3097 1076 3136 mensuram

57 3182 147 3224 suam
180 3164 314 3236 redeant,
348 3165 390 3224 sic
424 3166 514 3225 etiam
544 3166 642 3225 infans
680 3165 716 3226 dc
753 3168 851 3244 prima
884 3167 1075 3225 seminatione

58 3252 183 3312 seminis
204 3252 237 3311 in
259 3255 369 3312 multas
392 3255 608 3315 vicissitudines
631 3256 685 3314 hac
701 3259 731 3315 et
745 3256 814 3315 illac
829 3255 968 3327 vertitur,
992 3258 1073 3314 ante·

59 3361 154 3418 qnam
185 3341 310 3418 spiritus
336 3362 367 3402 se
395 3344 425 3402 in
452 3362 486 3403 eo
509 3348 628 3404 moveat
650 3348 682 3404 at
704 3348 863 3421 antequam
885 3344 917 3403 in
940 3363 974 3404 eo
997 3348 1115 3403 rectore

55 3433 208 3507 operatur.

128 3520 176 3582 De
195 3522 369 3584 amana.
407 3521 494 3583 Nunc
516 3522 618 3602 ctiam,
645 3526 815 3606 postquam
835 3543 943 3587 semen
955 3521 1101 3583 *nondinis

103 3626 260 3679 fflrdagutdn
270 3639 359 3676 mnam
372 3632 397 3676 at
410 3644 486 3681 curae
501 3637 540 3685 ed.
555 3638 685 3690 Kaisar.
964 3628 988 3682 5
