2460 3862
341 137 483 192 CAUSAE
502 137 548 192 ET
567 137 689 192 OURAE
708 138 775 194 LlB.
795 139 829 192 Il.
1032 146 1092 204 141

66 321 240 400 procedens
262 323 362 398 ignem
385 322 539 381 irrorando
562 323 722 399 humectat,
753 325 796 382 ita
822 323 902 400 quod
934 324 996 398 ipse
1018 324 1096 400 ignis

66 414 188 472 rectam
211 412 386 486 temperiem
409 413 526 486 corpori
549 412 676 470 hominis
693 413 752 488 dat,
776 417 805 472 et
821 413 903 489 quod
919 413 1097 473 etiamtunc

66 500 243 577 frigiditate
266 504 296 559 et
319 500 497 559 humiditate
524 504 715 577 temperatur.
761 501 819 560 Sed
846 503 1098 578 quemadmodum

66 594 203 651 terrores
224 592 435 664 tempestatum
459 593 489 648 et
512 591 692 666 grandinum
715 609 812 649 aerem
836 592 1027 663 conturbant,
1055 593 1098 650 ita

66 679 156 756 quod
173 679 204 735 in
221 679 385 737 ministerio
397 697 450 737 suo
461 682 571 737 rectam
586 680 780 756 frigiditatem
796 681 851 739 soli
874 700 932 739 non
947 682 1097 740 ministrat
1110 690 1124 734 5

66 787 129 829 nec
151 769 198 826 sol
219 768 264 825 illi
287 771 401 826 rectum
418 769 552 840 calorem,
576 769 618 827 sic
633 770 722 828 etiam
738 770 847 828 diversi
864 770 921 828 cibi
937 770 1096 845 aliquando

66 856 262 918 stomachum
284 857 432 928 irretiunt,
455 858 498 915 ita
520 859 601 933 quod
619 859 683 933 ipse
698 858 735 916 ab
751 859 792 916 eis
808 862 972 918 commotus
987 861 1097 917 iustam

66 946 331 1022 refrigerationem
355 947 446 1004 calori
469 947 616 1005 medullae
638 967 696 1006 non
712 950 812 1021 potest
826 948 995 1020 immittere,
1018 949 1096 1007 unde

66 1036 198 1097 candem
221 1036 381 1093 medullam
403 1035 434 1093 in
457 1037 600 1110 procellas
623 1040 654 1095 et
676 1039 707 1094 in
729 1040 879 1096 tumorem
898 1038 999 1114 potius
1022 1056 1097 1096 com·

66 1127 174 1184 movet
197 1144 285 1199 quam
307 1125 337 1181 in
361 1126 543 1198 temperiem.
975 1124 978 1132 '
1110 1135 1138 1181 10

141 1213 188 1271 De
211 1214 346 1286 crapula.
392 1212 467 1271 Nam
483 1233 550 1272 cum
571 1214 659 1273 homo
682 1212 813 1276 diversas
835 1234 936 1274 carnes
957 1218 988 1274 et
1007 1234 1098 1291 supra

68 1303 200 1362 modum
212 1303 320 1360 calidos
337 1321 369 1360 ac
383 1303 455 1361 alios
472 1303 611 1362 delicatos
627 1304 708 1364 cibos
723 1305 925 1364 indifferenter
940 1309 970 1364 et
985 1304 1097 1363 inordi-

68 1394 145 1451 nate
158 1391 293 1463 comedit,
307 1410 411 1450 succus
423 1411 526 1450 eorum
538 1411 659 1451 succum
674 1395 823 1452 medullae
840 1395 922 1452 illius
934 1394 965 1452 in
982 1397 1095 1452 contra·

69 1482 152 1539 riam
176 1482 382 1555 tempestatem
405 1482 520 1553 excitat,
544 1482 586 1539 ita
610 1484 689 1558 quod
706 1484 737 1541 in
753 1483 976 1542 delectationem
991 1483 1095 1560 surgit.

69 1569 114 1630 nt
138 1569 204 1628 ideo
227 1570 323 1645 homo,
348 1571 400 1646 qui
424 1589 523 1629 carnes
546 1572 698 1630 comedere
719 1573 794 1644 vult,
823 1591 871 1631 eas
894 1573 1044 1631 moderate
1067 1575 1138 1630 et15

70 1659 205 1734 simplici
237 1659 423 1717 condimento
455 1663 551 1718 coctas
583 1661 717 1720 comedat
743 1665 774 1720 et
795 1680 854 1720 non
877 1662 965 1719 nimis
988 1661 1097 1720 calidas

71 1766 130 1808 nec
145 1748 233 1806 nimis
250 1748 385 1806 deliciose
401 1749 523 1807 diversis
538 1749 716 1809 fultionihus
732 1754 763 1808 et
778 1751 970 1810 condimentis
980 1753 1097 1827 paratas

72 1842 106 1897 et
122 1837 262 1908 irretitas,
279 1839 349 1913 quia
364 1856 469 1897 succus
484 1857 587 1896 earum
603 1839 826 1914 aliquantulum
842 1841 991 1916 quandam
1006 1841 1095 1899 socie·

71 1929 170 1987 tatem
204 1927 240 1984 ad
275 1945 396 1985 succum
429 1928 522 1986 carnis
556 1927 683 1987 hominis
711 1929 800 1988 habet
822 1931 853 1987 et
875 1929 1098 1989 delectationem

70 2015 225 2075 medullae
248 2015 310 2074 eius
333 2016 419 2074 facile
434 2016 551 2092 incutit,
575 2018 823 2093 quemadmodum
840 2019 929 2077 etiam
944 2018 1138 2094 squalidusffl

76 2106 109 2165 et
133 2104 235 2162 aridus
251 2108 357 2163 ventus
373 2106 450 2164 vires
466 2107 541 2164 roris
556 2107 715 2183 imminuit,
731 2107 775 2166 ita
791 2107 872 2184 quod
887 2112 988 2183 aptam
1003 2107 1098 2166 humi-

77 2193 207 2253 ditatem
242 2194 332 2251 calori
366 2195 437 2252 solis
471 2195 695 2255 subministrare
725 2216 783 2256 non
814 2197 905 2269 valet;
937 2198 978 2256 sic
1009 2197 1099 2254 etiam

73 2284 158 2342 forte
182 2285 211 2341 et
233 2284 397 2359 pretiosum
419 2284 523 2343 vinum
545 2285 607 2343 vim
629 2285 742 2344 vesicae
764 2285 892 2344 hominis
919 2288 1028 2360 torret,
1055 2285 1098 2343 ita

72 2372 158 2449 quod
182 2372 247 2446 ipsa
278 2375 388 2431 rectam
418 2373 603 2432 viriditatem
632 2373 779 2433 medullae
812 2375 875 2432 eius
904 2375 1008 2433 afferre
1040 2391 1098 2432 non

71 2460 196 2538 poterit.
1108 2469 1136 2516 25

142 2549 188 2608 De
212 2551 290 2611 cicc.
321 2549 397 2608 Nam
419 2551 522 2609 vinum
546 2555 590 2610 est
613 2551 732 2629 sanguis
754 2556 850 2611 terrae
866 2554 897 2610 et
912 2554 956 2610 est
971 2551 1002 2608 in
1018 2555 1098 2610 terra

73 2641 113 2698 ut
145 2639 265 2715 sanguis
296 2639 326 2697 in
356 2639 474 2698 homine
501 2643 531 2698 et
553 2642 638 2699 velut
661 2641 809 2717 quandam
832 2641 1002 2700 societatem
1029 2659 1098 2699 cum

67 2727 222 2804 sanguine
250 2727 377 2787 hominis
404 2728 492 2787 habet
520 2732 549 2788 et
576 2730 642 2788 ideo
666 2732 756 2789 etiam
778 2731 862 2790 velut
884 2729 1099 2789 velocissimam

72 2820 174 2877 rotam
197 2817 322 2875 calorem
347 2836 436 2875 suum
459 2837 494 2877 ex
516 2819 613 2878 vesica
635 2819 673 2877 ad
695 2819 854 2878 medullam
880 2819 964 2877 ducit
986 2821 1017 2876 et
1032 2838 1097 2877 eam

72 2906 106 2965 in
130 2905 371 2964 ardentissimum
394 2907 530 2966 ardorem
555 2909 670 2984 evertit,
693 2909 736 2967 ita
760 2909 840 2984 quod
864 2912 894 2967 et
916 2896 1015 2966 eadem
1040 2927 1097 2967 me·
1111 2915 1139 2960 30

73 2995 161 3055 dulla
183 2995 330 3053 fervorem
353 2995 557 3056 delectationis
579 2997 717 3074 sanguini
748 3005 820 3056 tunc
851 2997 968 3060 tribuit.
1012 2996 1098 3056 Unde

68 3084 174 3156 homo,
213 3085 266 3160 qui
300 3085 464 3158 pretiosum
499 3090 529 3144 et
550 3087 627 3145 forte
650 3087 754 3146 vinum
780 3087 880 3145 bibere
907 3087 984 3162 vult,
1021 3085 1099 3144 illud

74 3193 156 3250 aqua
178 3174 309 3248 misceat,
332 3177 369 3232 ut
391 3175 538 3234 fortitudo
564 3178 594 3234 et
616 3177 697 3235 calor
713 3176 775 3234 eius
791 3177 977 3251 aliquantum
995 3173 1096 3232 debili·

73 3265 160 3322 tetur
182 3265 212 3320 et
233 3264 429 3337 temperetur3
458 3268 488 3323 et
520 3265 609 3324 etiam
637 3265 740 3324 vinum
769 3266 853 3336 illud,
886 3264 965 3340 quod
989 3263 1098 3322 dicitur

76 3350 285 3427 Eunonicum,
313 3371 392 3428 aqua
413 3356 571 3429 temperet,
604 3354 745 3430 quatinus
773 3374 850 3430 aqua
870 3352 1098 3411 amaritudinem
1112 3360 1139 3406 35

74 3444 106 3502 et
130 3440 323 3500 acerbitatem
345 3442 425 3501 illius
449 3462 570 3503 suavem
594 3443 684 3502 faciat
706 3446 737 3502 et
754 3443 884 3517 deliniat,
909 3442 998 3518 quod,
1021 3440 1099 3500 sicut

80 3530 204 3607 sanguis
229 3529 329 3590 aridus
352 3534 398 3590 est
420 3534 451 3590 et
471 3551 529 3592 non
552 3533 621 3592 fluit
647 3531 758 3610 absque
787 3531 971 3591 humiditate
999 3549 1115 3602 aquus,
