2460 3862
341 138 484 194 CAUSAE
502 138 548 193 ΕΤ
567 138 689 193 CURAE
708 138 775 194 LlB.
794 139 842 193 ΠΙ.
1042 141 1103 202 171

87 324 252 384 eorundem
280 323 437 382 oculorum
464 323 560 401 fugat.
605 323 695 382 Viola
722 323 800 383 enim
827 322 863 382 de
893 321 988 382 calido
1016 325 1104 382 vente

88 413 221 490 primum
253 412 399 488 procedit,
432 412 511 472 unde
535 416 565 471 et
587 412 746 487 praedietis
778 412 1018 488 temperamentis
1051 412 1105 470 hos

87 503 191 562 oculos
211 505 303 561 sanat.

149 592 195 651 Dc
211 592 303 651 oeulis
318 592 429 651 diversi
445 593 558 652 eoloris.
597 591 656 662 Qui
672 592 772 667 oculos
787 591 877 651 habet
894 592 1007 650 similes
1022 590 1104 666 nubi,

82 680 116 739 in
139 700 200 756 qun
221 681 275 738 iris
298 684 429 756 apparet,
453 683 483 740 11
504 682 536 739 in
559 681 600 739 eis
616 681 772 757 caliginem
788 683 841 739 aut
857 679 951 738 alium
972 679 1133 739 dolorem5

83 770 210 846 patitur,
231 769 402 828 caliminum
424 770 552 845 accipiat
574 773 604 829 11
625 789 703 845 puro
727 789 761 828 ae
784 769 850 828 albo
874 769 943 828 vino
973 769 1107 845 imponat

85 863 117 918 et
140 859 178 918 ad
200 862 326 933 noctem,
350 877 418 918 eum
441 859 605 918 dormitum
620 859 711 935 vadit,
734 858 871 917 culimino
888 858 988 917 ablato
1004 859 1107 917 eodem

85 948 158 1007 vino
183 948 253 1006 eilia
275 947 430 1007 oculorum
461 967 585 1008 suorum
617 948 745 1008 exterius
776 948 893 1022 illiniat,
923 965 1107 1023 praecavens,

82 1056 120 1097 ne
143 1037 246 1096 oculos
268 1037 394 1096 interius
417 1041 530 1114 tangat,
563 1057 599 1096 ne
632 1038 767 1097 acumine
790 1037 921 1097 calimini
950 1037 1108 1096 laedantur

83 1132 115 1185 11
137 1125 279 1184 maiorem
303 1126 458 1203 caliginem
481 1128 643 1189 incurrant.
688 1125 764 1185 Nam
793 1127 965 1186 caliminum
996 1144 1103 1201 aequa·
1121 1133 1149 1178 10

82 1216 154 1275 liter
176 1215 306 1274 calorem
328 1219 358 1275 11
380 1215 478 1293 frigus
501 1216 532 1274 in
555 1215 698 1275 sehabet
720 1219 751 1275 et
772 1217 814 1274 sic
834 1234 902 1274 cum
924 1216 1020 1275 calore
1044 1215 1107 1274 vini

82 1306 284 1380 temperatum
314 1323 422 1380 pravos
452 1305 597 1377 humores,
630 1306 683 1381 qui
706 1306 808 1364 oculos
830 1305 967 1381 laedunt,
1001 1304 1107 1364 aufert.

83 1393 115 1452 Si
138 1396 241 1452 autem
264 1393 364 1452 oeulos
386 1394 512 1454 interius
534 1394 678 1471 tetigerit,
716 1413 766 1453 eos
797 1394 897 1466 laedit,
937 1395 1018 1470 qnod
1053 1411 1106 1452 nee

84 1484 165 1542 calor
187 1482 286 1558 frigus
309 1482 373 1541 eius
395 1483 427 1541 in
450 1502 481 1542 se
503 1486 625 1559 superat
647 1502 700 1543 nec
720 1484 817 1560 frigus
832 1484 969 1559 calorem,
993 1486 1023 1542 11
1038 1483 1114 1565 iden

84 1590 209 1631 acumen
240 1571 334 1646 ipsius
365 1573 467 1631 oeulos
498 1573 680 1631 exulceraret
712 1576 742 1631 11
770 1572 928 1649 caliginem
951 1573 992 1631 eis
1014 1573 1100 1630 indu·
1118 1579 1145 1624 15

84 1664 173 1736 cerat,
198 1661 224 1718 si
246 1677 295 1719 eos
316 1661 443 1720 interius
466 1664 611 1738 tangeret.
656 1659 732 1719 Nam
755 1661 927 1720 ealiminum
949 1680 1003 1720 nec
1026 1661 1102 1720 1111-

84 1769 149 1808 rem
171 1767 225 1808 nec
247 1748 343 1826 frigus
366 1749 449 1808 aliud
471 1751 502 1808 in
525 1768 555 1809 se
578 1769 718 1826 superans
740 1754 948 1827 temperatum,
971 1754 1008 1809 ut
1022 1768 1106 1825 prac-

84 1839 202 1898 dictum
224 1840 276 1910 cst,
300 1838 402 1898 oculos
424 1839 498 1898 istos
521 1843 613 1901 sanat.

152 1927 199 1986 Dc
221 1924 314 1989 oratu
336 1929 520 1990 turbulentia
563 1923 626 2009 ¹)Si
649 1929 757 2004 aliquis
781 1931 881 1988 oeulos
904 1929 1015 1989 similes
1038 1932 1104 1987 tur·

83 2017 172 2076 bidae
194 2016 268 2075 nubi
297 2015 441 2092 (habet),
473 2036 550 2093 quae
579 2036 633 2076 nec
666 2018 702 2076 ad
730 2018 851 2093 plenum
878 2019 965 2095 ignea
997 2017 1109 2077 necari
1123 2024 1151 2068 20

84 2106 209 2183 plenum
231 2105 351 2164 turbida
375 2110 427 2180 est,
449 2106 500 2165 sed
523 2107 711 2182 aliquantum
733 2107 848 2184 glauca,
872 2111 903 2166 et
924 2108 955 2165 in
979 2108 1020 2166 eis
1037 2107 1107 2166 celi·

83 2196 186 2271 ginem
209 2198 240 2254 11
261 2194 394 2255 dolorem
416 2196 551 2272 sustinet,
586 2195 760 2267 feniculum,
784 2197 808 2254 si
842 2197 874 2254 in
911 2199 1023 2255 aestate
1055 2199 1107 2270 est,

83 2287 173 2360 terat,
197 2283 244 2344 uel
267 2285 293 2342 si
314 2284 346 2342 in
367 2284 465 2343 hieme
487 2287 540 2357 est,
563 2303 661 2344 semen
684 2285 755 2359 eius,
779 2289 809 2344 11
831 2287 938 2344 tritum
964 2286 1043 2345 claro
1060 2286 1108 2344 cvi

83 2374 160 2432 bene
194 2372 367 2448 despumato
399 2373 541 2448 imponat,
576 2377 607 2433 et
634 2393 703 2433 cum
733 2375 895 2433 dormitum
918 2393 948 2432 se
974 2375 1108 2449 collocat,

83 2463 129 2522 ite
152 2461 245 2522 oculis
266 2466 454 2538 superponat,
478 2466 508 2523 11
530 2464 628 2522 suavis
653 2464 733 2522 calor
755 2463 877 2522 feniculi
900 2481 969 2521 cum
994 2462 1108 2539 frigore
1121 2471 1148 2516 11

83 2551 160 2611 clari
183 2551 233 2610 ovi
254 2556 435 2626 temperatus
459 2552 615 2629 caliginem
638 2555 668 2610 et
691 2552 823 2611 dolorem
847 2552 1008 2611 eorundem·
1038 2570 1108 2611 oeu-

83 2643 186 2700 lorum
208 2639 326 2701 minuit.
371 2640 547 2699 Feniculum
570 2641 681 2717 quippe
716 2660 783 2699 cnm
818 2641 989 2717 111111νί,
1027 2641 1107 2717 quod

83 2729 274 2806 aliquantum
297 2728 424 2789 lividum
447 2733 500 2805 est,
532 2732 732 2806 temperatum
754 2731 847 2789 oculis
870 2731 934 2789 istis
955 2730 991 2789 de
1016 2730 1109 2790 livida

82 2817 265 2877 humiditate
288 2821 384 2879 terrae
408 2820 565 2879 contractis
589 2819 707 2878 salubre
729 2819 894 2879 remedium
918 2820 1011 2879 affert.

154 2907 200 2966 Dc
223 2907 444 2983 1111111119νό1.
478 2901 568 2984 ²)Qui
590 2909 693 2985 nigros
716 2927 769 2967 seu
791 2908 982 2969 turbulentus
1006 2911 1108 2969 oculos
1122 2915 1151 2960 30

82 2996 185 3070 habet,
207 2999 243 3056 ut
266 2997 424 3073 aliquando
447 2996 541 3056 nubes
564 3001 617 3075 eet,
640 3000 671 3057 11
692 2998 724 3055 in
747 2998 789 3057 eis
814 2998 1025 3075 aliquomodo
1042 2999 1110 3058 cali·

82 3089 140 3164 gat
162 3089 193 3144 et
216 3084 303 3161 dolet,
326 3104 448 3146 succum
470 3087 577 3146 ruthae
600 3086 727 3162 accipiat
741 3091 772 3146 et
787 3086 832 3146 bis
848 3090 967 3146 tantum
991 3088 1061 3164 puri
1077 3088 1110 3144 li·

83 3174 190 3252 quoris
216 3175 314 3234 mellis
346 3179 376 3234 et
398 3175 548 3236 modicum
571 3177 641 3236 beni
664 3178 694 3235 et
717 3176 789 3235 clari
814 3178 875 3236 vini
900 3177 946 3236 his
974 3176 1109 3235 commia-

87 3266 166 3340 1111,
188 3282 222 3323 ac
244 3264 286 3323 sie
308 3265 416 3324 micam
438 3266 550 3325 triticei
571 3267 656 3342 panis
677 3265 724 3324 his
747 3266 884 3341 imponat
906 3270 996 3341 atque
1023 3283 1112 3340 super

88 3353 195 3415 oculos
217 3370 286 3412 snos
309 3353 341 3410 in
364 3357 449 3414 nocte
473 3374 541 3414 cum
564 3373 661 3431 panno
685 3354 767 3431 liget.
814 3354 891 3424 Quia
921 3354 999 3412 enim
1031 3354 1111 3412 oculi
1125 3361 1153 3405 35

87 3477 308 3487 --η-ο--ι--ι

168 3544 191 3613 ¹)
201 3563 229 3600 v.
240 3544 344 3600 19-27
357 3571 388 3588 =
399 3543 496 3616 Migne
507 3547 574 3602 1157
586 3546 617 3602 Β.
628 3577 662 3585 -
673 3544 850 3618 11131415
860 3544 1126 3614 311111111111..
