2460 3862
360 122 569 179 causetur
588 124 710 185 culisti
729 126 796 181 LIB.
815 128 837 182 1.
1071 133 1110 193 11

89 309 210 385 periore
233 311 264 368 et
286 308 427 368 inferiora
450 311 582 386 corporis
605 312 753 383 continet,
786 312 829 371 ita
857 313 947 372 etiam
975 315 1005 372 et
1032 315 1112 371 terra

90 398 177 474 aquis
200 398 267 474 illis,
291 417 367 474 quae
382 417 471 475 super
490 418 557 458 eam
571 399 677 472 fluunt,
700 403 746 460 est
759 405 796 460 ut
818 402 908 477 arida,
933 402 1017 478 aquis
1032 421 1111 478 vero,

89 506 166 564 quae
189 487 244 546 sub
268 507 303 546 ea
326 491 403 565 sunt,
432 491 476 548 est
500 487 695 567 obstaculum,
722 509 759 549 ne
783 493 965 552 contrarium
989 491 1112 551 modum

89 581 257 652 erumpant.

157 667 203 726 De
229 666 370 739 Luciferi
401 684 473 726 ense
506 672 532 727 et
556 668 739 738 firmamenti
771 670 927 732 creatione.
976 669 1138 745 Abyssus5

90 759 192 815 autem
215 758 261 815 est
275 755 359 816 velut
373 756 463 832 pedes
486 759 516 814 et
538 760 574 815 ut
588 757 718 817 incessus
734 758 870 817 bominis.
917 757 993 818 (lum
1015 759 1111 836 igitur

91 844 227 904 diabolus
251 844 286 903 de
310 845 389 904 caelo
414 845 534 921 corruit,
564 847 617 921 qui
640 846 738 906 sedere
762 851 792 906 et
813 866 938 924 regnare
960 848 1058 907 voluit
1081 853 1112 907 et

92 934 146 1008 qui
167 935 282 992 nullam
305 936 470 994 creaturam
493 953 591 994 creare
614 938 644 994 et
666 936 761 995 facere
784 937 894 1012 potuit,
918 938 990 995 deus
1012 937 1109 996 firma·

89 1025 224 1082 mentum
248 1024 352 1084 statim
374 1023 455 1099 fecit,
488 1028 524 1083 ut
546 1024 597 1083 ille
620 1024 735 1085 videret
761 1029 792 1085 et
814 1025 1001 1102 intelligeret,
1035 1045 1111 1101 quae

90 1115 121 1171 et
143 1115 255 1187 quanta
278 1112 349 1171 deus
378 1114 473 1172 facere
506 1116 537 1172 et
565 1132 664 1172 creare
691 1119 799 1190 posset.
845 1115 929 1174 Tunc
956 1115 1045 1173 etiam
1062 1134 1106 1174 so·
1124 1127 1151 1171 10

90 1201 160 1272 lem,
182 1202 285 1260 lunam
307 1204 338 1261 et
359 1202 460 1261 stellas
483 1202 514 1261 in
537 1202 757 1263 firmamentum
780 1204 889 1280 posuit,
912 1207 949 1263 ut
972 1203 1108 1264 diabolus

88 1290 119 1348 in
144 1291 184 1350 eis
207 1290 323 1351 videret
346 1293 377 1350 et
399 1294 595 1368 cognosceret,
624 1297 770 1367 quantum
798 1294 933 1352 decorem
957 1295 987 1352 et
1010 1295 1109 1369 splen·

90 1380 192 1439 dorem
216 1380 402 1456 perdidisset.
786 1400 787 1403 ’

156 1469 202 1528 De
224 1470 326 1533 sicilie.
370 1468 479 1529 Stellae
502 1489 629 1547 namque
655 1488 716 1530 non
744 1473 814 1530 sunt
843 1471 974 1547 aequalis
997 1472 1109 1547 magni·

88 1556 203 1617 tudinis
225 1578 278 1618 nec
301 1559 433 1634 aequalis
449 1559 621 1635 splendoris,
646 1559 697 1619 sed
712 1560 859 1636 quaedam
882 1563 952 1619 sunt
974 1561 1108 1630 maiores,
1123 1571 1150 1616 15

89 1648 236 1722 quaedam
265 1649 401 1723 minores,
439 1648 585 1724 quaedam
615 1650 735 1708 maioris
759 1649 931 1726 splendoris,
965 1649 1109 1724 quaedam

88 1736 219 1796 minoris.
265 1737 501 1796 Firmamentum
521 1742 623 1797 autem
647 1758 664 1796 a
686 1739 747 1798 sole
770 1739 907 1814 superius
931 1739 1108 1811 continetur,

88 1845 126 1884 ne
162 1843 253 1902 snpra
288 1827 411 1885 modum
442 1845 560 1886 sursum
595 1827 740 1903 ascendat,
773 1832 804 1888 et
834 1827 940 1888 subtus
972 1828 1008 1887 ab
1041 1848 1108 1887 aere

88 1918 195 1990 terrae,
228 1916 281 1990 qui
313 1920 425 1976 terram
455 1918 486 1975 et
516 1915 608 1976 nubes
632 1917 771 1992 continet,
802 1936 839 1976 ue
869 1917 992 1976 modum
1021 1936 1109 1977 suum

90 2004 196 2063 subtus
231 2004 362 2067 excedat.
406 2005 446 2064 Et
480 2006 523 2064 ita
558 2024 648 2082 snpra
682 2009 712 2064 et
743 2007 821 2064 infra
855 2007 1039 2083 continetur,
1072 2010 1150 2066 utto

88 2097 313 2169 praeostensum
347 2098 404 2170 est,
438 2097 475 2153 ut
507 2098 603 2155 rectos
637 2095 740 2155 modos
775 2115 844 2155 suos
879 2095 1016 2154 excedere
1050 2115 1109 2154 nou

89 2183 192 2258 possit.

155 2273 201 2332 De
224 2273 378 2332 duodecim
404 2274 502 2348 sionis
529 2278 561 2352 ei⁴
580 2274 723 2352 planetis.
770 2272 828 2333 Sed
855 2275 932 2334 siout
955 2293 972 2332 a
994 2278 1108 2349 septem

88 2361 218 2436 planetis
245 2362 277 2419 in
304 2380 394 2421 cursu
421 2381 475 2422 suo
505 2363 638 2437 ducitur,
669 2363 711 2422 sic
743 2366 773 2422 et
801 2363 860 2439 ipsi
890 2364 921 2422 in
953 2362 1109 2422 duodecim

90 2451 183 2526 signis
206 2451 291 2527 quasi
313 2450 491 2510 famulatum
515 2453 542 2510 ei
565 2452 705 2511 exhibent
724 2455 755 2511 et
769 2453 911 2514 serviunt.
945 2448 1021 2509 Nam
1037 2471 1105 2511 cum
1119 2464 1148 2509 25

89 2540 136 2598 sol
162 2539 199 2598 ad
228 2540 347 2616 signum
376 2541 541 2617 capricorni
568 2541 748 2617 pervenerit,
780 2540 840 2600 duo
872 2543 1021 2617 planetae,
1054 2543 1107 2616 qui

90 2647 160 2687 eum
183 2628 220 2688 ad
242 2630 362 2706 signum
385 2630 535 2706 sagittarii
558 2631 692 2690 comitati
709 2636 800 2706 arant,
823 2630 882 2704 ipsi
898 2631 983 2706 quasi
997 2631 1107 2689 nutum

89 2717 218 2793 faciunt,
250 2721 285 2777 ut
307 2736 426 2778 sursum
449 2719 486 2778 ad
509 2720 641 2794 priorem
664 2737 784 2778 cursum
812 2738 901 2778 suum
927 2718 1042 2796 redeat,
1076 2724 1108 2782 et

90 2825 159 2865 eum
189 2808 227 2866 ed
258 2808 389 2883 priorem
416 2827 569 2868 ascensum
597 2808 799 2870 exhortantur.
844 2808 884 2867 ut
905 2808 962 2868 hoc
985 2809 1106 2886 signum

90 2896 255 2972 capricorni
285 2896 408 2973 dicitur,
444 2899 496 2974 qui
528 2898 617 2957 etism
652 2916 771 2957 sursum
802 2898 955 2957 ascendere
986 2899 1102 2963 nititur.
1118 2909 1147 2954 30

89 2984 170 3044 Haec
197 2986 274 3044 enim
303 2985 457 3046 duodecim
485 2987 569 3064 signa
596 2986 671 3045 nihil
693 2986 776 3046 aliud
797 2988 828 3046 in
851 2987 1021 3047 nominibus
1043 2990 1104 3048 suis

89 3079 171 3147 sunt,
195 3075 253 3134 nisi
276 3076 357 3151 quod
380 3077 488 3151 reliqui
512 3077 643 3152 quinque
666 3077 802 3153 planetae
822 3077 984 3135 secundum
1007 3077 1105 3135 officia

89 3182 143 3222 sua
172 3164 264 3223 solem
294 3168 348 3224 aut
378 3165 409 3224 in
438 3167 548 3225 aestate
578 3183 696 3225 sursum
729 3166 910 3225 ascendendo
944 3165 1104 3241 impellunt

89 3253 195 3311 autin
218 3253 313 3313 bieme
341 3254 480 3314 deorsum
507 3254 705 3314 descendendo
729 3255 897 3330 suscipiunt
919 3257 949 3312 et
972 3254 1052 3330 quod
1076 3256 1103 3313 ei
1207 3248 1209 3253 ’

88 3341 147 3400 hoc
167 3343 256 3402 modo
284 3345 426 3409 serviunt.
472 3342 529 3402 Sed
557 3363 625 3404 cum
651 3344 696 3403 sol
724 3344 762 3402 ad
789 3345 909 3420 signum
937 3343 1146 3418 capricornis>

88 3433 272 3508 pervenerit,
302 3433 411 3509 reliqui
437 3437 499 3492 tres
526 3433 663 3508 planetae
691 3433 746 3492 sub
775 3452 809 3492 eo
833 3435 958 3491 currunt
981 3436 1011 3492 et
1034 3452 1103 3491 eum

87 3521 234 3596 paulatim
256 3539 374 3582 sursum
397 3523 557 3600 impellunt
578 3541 677 3608 usque
699 3522 740 3584 ad
753 3523 881 3604 siguum
891 3521 1025 3598 suumin.
1053 3521 1123 3586 Qu
