2460 3862
24 202 66 216 ..
128 138 190 196 154
512 127 758 184 HlLDEGARDIS
823 179 826 183 .
877 166 881 174 -

124 317 216 374 infert
239 333 272 374 ec
295 317 421 374 mortem
442 314 572 374 minatur
587 315 672 374 velut
686 315 815 390 irruptio
829 315 966 390 nubium,
990 335 1065 392 quae
1085 313 1128 372 illa

126 405 273 480 dirumpit
294 408 325 463 et
347 405 384 462 ad
411 403 538 463 nihilum
569 403 665 479 ducit,
697 423 788 481 supra
819 424 896 480 quae
923 405 1072 465 ceciderit.
1094 435 1127 447 -

125 495 164 552 Et
187 493 332 570 quaedam
354 494 439 553 uelut
461 493 557 570 grisea
584 496 628 552 est
655 493 691 552 de
718 496 894 570 tempestate
920 495 1130 570 praedictorum

126 584 339 642 elementorum
362 583 448 659 quasi
473 583 696 659 fulgurantium
723 586 754 642 et
785 585 979 661 incongruam
1007 584 1130 660 pluviam

99 687 113 731 5
128 672 328 732 emittentium
350 673 382 730 in
397 671 516 732 homine
531 676 604 746 orta,
620 691 697 748 quae
714 673 834 748 quidem
850 674 967 748 corpori
982 674 1130 732 laesionem

125 762 222 832 infert,
247 762 296 821 sed
319 765 418 821 tamen
440 761 516 819 illud
539 761 657 821 omnino
673 780 732 820 ηοη
747 762 895 837 interficit,
918 763 998 822 sicut
1020 761 1130 840 mando,

125 870 201 927 quae
235 850 375 928 frugibus
409 851 567 909 laesionem
601 850 672 910 facit
710 850 761 910 sed
799 852 911 910 radices
945 871 1049 910 earum
1081 869 1130 909 non

125 941 202 1002 eicit.
227 973 267 983 —-
296 939 353 998 Sed
386 941 416 997 et
448 941 592 1015 quaedam
622 941 705 1000 velut
739 941 806 999 alba
837 943 882 1000 est
908 940 945 1000 de
972 941 1069 1000 multa
1093 941 1128 998 in·

126 1029 286 1089 undatione
318 1029 478 1088 eorundem
514 1030 729 1088 elementorum
766 1031 851 1105 quasi
890 1048 982 1107 supra
1020 1030 1130 1089 modum

86 1131 113 1175 10
126 1119 318 1178 crescentium
345 1117 503 1176 fluminum
532 1119 564 1176 in
595 1118 712 1177 homine
743 1137 915 1196 exsurgens,
948 1139 1026 1196 quae
1053 1120 1129 1178 etiam

126 1208 241 1284 corpori
264 1208 448 1266 debilitatem
469 1208 570 1279 infert,
593 1208 645 1266 sed
667 1210 766 1266 tamen
788 1208 865 1266 illud
887 1228 941 1285 per
964 1209 1063 1268 omnia
1081 1225 1130 1267 non

126 1298 265 1373 conterit,
298 1296 381 1356 velut
412 1297 564 1372 repentina
593 1297 750 1357 inundatio
783 1300 813 1356 et
840 1297 944 1357 effusio
971 1298 1129 1365 fluviorum,

127 1405 202 1462 quae
217 1387 318 1461 aliqua
334 1384 453 1460 quidem
473 1387 538 1444 loca
561 1389 631 1459 <et>
655 1387 771 1462 aliquas
787 1386 890 1463 fruges
906 1388 1130 1462 superemanant,

126 1475 176 1534 sed
198 1495 231 1534 ea
253 1494 307 1551 per
328 1476 428 1534 totum
451 1494 508 1534 non
531 1477 680 1535 anferunt.
716 1476 843 1534 Pustula
858 1479 959 1534 autem
978 1476 1041 1547 illa,
1065 1491 1130 1552 quas

87 1575 113 1619 15
126 1565 212 1642 nigra
235 1568 287 1640 est,
319 1564 486 1640 periculosa
516 1568 561 1623 est
589 1569 619 1623 et
645 1565 707 1623 fere
733 1564 919 1640 incurabilis,
952 1566 1050 1641 grisea
1070 1580 1131 1624 vero

126 1655 172 1712 vel
214 1654 282 1712 alba
325 1653 514 1728 aliquantum
557 1653 682 1712 leniores
725 1653 810 1730 nigra
852 1658 922 1713 sunt
968 1657 1000 1713 et
1046 1650 1131 1714 curari

125 1746 257 1819 possunt.

192 1832 237 1890 Dc
260 1835 380 1890 tumore.
424 1829 452 1888 A
475 1831 599 1891 diversis
622 1849 743 1907 quoqne
765 1831 940 1891 humoribus
969 1835 1034 1890 tam
1060 1830 1132 1890 bonis

127 1939 216 1995 quam
238 1921 323 1979 malis
351 1938 418 1979 caro
449 1923 479 1978 et
507 1939 597 1980 venae
620 1921 748 1979 hominis
770 1920 997 1998 ingrossescunt,
1020 1921 1133 1981 velata

87 2010 272 2068 reformante
312 2010 408 2067 farina
440 2010 574 2069 elevatur
611 2012 642 2068 et
673 2010 851 2072 intumescit.
907 2009 965 2069 Sed
994 2011 1132 2077 humores,

127 2099 180 2175 qui
203 2119 220 2156 a
242 2098 337 2174 corde,
361 2118 379 2156 a
400 2099 504 2174 iecore,
528 2119 545 2156 a
568 2100 717 2174 pulmone,
741 2119 758 2156 a
781 2099 930 2160 stomacho
944 2101 985 2182 'et
1006 2097 1133 2158 eceteris

126 2188 316 2247 interioribus
339 2188 512 2264 procedunt,
536 2207 605 2247 cum
628 2188 788 2264 aliquando
810 2190 841 2246 in
857 2189 999 2248 iniustam
1022 2186 1133 2249 diversi·

125 2281 218 2337 tatem
245 2280 275 2336 et
302 2277 540 2353 superfluitatem
568 2280 742 2354 vertuntur,
773 2280 845 2337 tunc
874 2277 965 2336 etiam
993 2278 1133 2337 interdurn

126 2369 241 2426 tenaces
264 2369 293 2426 et
316 2365 425 2425 lubrici
454 2369 484 2424 et
510 2366 606 2442 tepidi
633 2365 717 2428 fiunt.
761 2367 801 2425 Et
823 2366 848 2425 si
870 2370 944 2425 tunc
970 2367 1003 2424 in
1026 2366 1134 2427 homins

86 2465 113 2509 25
127 2460 289 2528 remanent,
322 2475 390 2514 eum
419 2456 449 2514 in
476 2455 682 2513 infirmitatem
709 2455 833 2517 ducunt.
878 2455 910 2514 Si
937 2460 1040 2516 autem
1062 2459 1134 2516 extre

127 2565 194 2603 eum
217 2548 386 2620 erumpunt,
409 2545 554 2603 saniorem
578 2563 646 2602 eum
668 2544 806 2605 reddunt.

192 2634 239 2693 Dc
261 2635 368 2696 ulcere.
402 2633 488 2704 Quod
511 2634 537 2692 si
560 2634 591 2690 in
613 2652 707 2691 unum
729 2633 830 2693 locum
852 2634 901 2692 vel
923 2634 955 2692 in
970 2635 1061 2710 plura
1075 2635 1132 2693 loca

126 2722 157 2780 in
179 2723 296 2781 homine
320 2723 487 2794 ceciderint,
510 2723 555 2780 ita
579 2721 658 2797 quod
682 2721 724 2780 ibi
752 2723 837 2782 ulcus
859 2742 953 2781 unum
977 2727 1033 2782 aut
1055 2724 1134 2800 pluro

127 2811 262 2885 fecerint,
296 2814 367 2872 ωηο
396 2812 485 2870 homo
518 2811 673 2886 permittat
705 2831 739 2869 ea
770 2812 807 2870 ad
838 2813 1044 2872 maturitatem
1073 2830 1132 2888 per·

84 2911 113 2956 30
126 2900 234 2973 venire,
257 2903 292 2958 ut
315 2901 446 2972 effluant,
469 2919 518 2976 ne,
548 2901 573 2960 si
596 2900 677 2959 intus
705 2901 912 2975 remanserint,
943 2902 1066 2978 gravius
1089 2901 1133 2959 do·

126 2991 194 3048 lest.
232 2988 272 3047 Et
294 2994 452 3066 postquam
475 2989 614 3048 humores
637 2989 668 3046 in
691 2991 865 3048 maturitate
891 2989 934 3047 ibi
962 2991 1135 3063 effluxerint

127 3084 198 3137 tuno
221 3077 309 3136 homo
333 3079 383 3138 ille
406 3079 583 3138 medicinam
606 3097 674 3136 cum
696 3080 858 3155 unguentis
881 3078 1031 3140 adhibeat.

192 3168 237 3226 Dc
252 3168 356 3229 scabie.
389 3167 421 3226 si
444 3187 513 3227 vero
537 3167 609 3226 mali
631 3166 770 3227 humores
792 3169 823 3226 in
846 3168 943 3227 scabie
965 3188 1021 3244 per
1044 3172 1136 3229 totum

126 3275 233 3332 corpus
256 3256 384 3316 hominis
408 3258 604 3333 erumperint,
637 3259 710 3316 tunc
733 3257 844 3317 iterum
872 3258 910 3316 ad
932 3259 1136 3317 maturitatem

52 3370 55 3377 ·
84 3356 113 3402 35
126 3350 157 3405 et
179 3346 215 3405 ad
239 3347 452 3405 emanationem
475 3365 578 3406 eorum
608 3346 793 3421 aliquamdiu
821 3349 970 3421 exspectet
993 3351 1025 3406 et
1046 3365 1137 3424 usque

44 3494 47 3501 ,
102 3435 198 3494 ·dum
235 3436 312 3495 cutis
347 3436 425 3495 inter
454 3437 555 3495 ulcera
592 3436 767 3494 rubedinem
804 3435 913 3495 habere
950 3436 1076 3513 incipiat
1112 3437 1139 3495 et

125 3524 275 3598 exsiccari,
315 3527 345 3585 et
378 3530 450 3585 ωηο
484 3524 724 3586 convenientibus
757 3525 918 3602 ungnentis
953 3529 1065 3603 angat,
1105 3543 1139 3584 ne
