2460 3862
130 166 171 225 66
517 159 763 216 HlLDllGARDlS

129 348 208 405 recte
230 346 261 403 in
284 346 384 404 locum
406 363 495 402 suum
518 344 665 417 ceciderit,
688 345 732 403 ita
755 344 836 421 quod
858 345 948 404 611616
968 345 1143 406 informarn

129 434 256 493 hominis
279 433 403 512 figurari
426 434 525 509 debet,
548 435 621 492 tunc
645 434 734 492 etiam
762 433 798 492 de
820 437 972 494 menstruo
995 436 1140 512 sanguine

128 522 263 582 mulieris
285 523 425 599 pellicula
447 523 532 582 velut
563 523 718 581 vasculum
749 523 826 582 circa
857 523 980 582 eandem
1013 525 1140 584 formam

130 613 241 683 crescit,
266 632 342 688 quae
364 613 459 688 ipsam
481 611 704 687 comprehendit
726 615 756 671 et
778 612 952 690 circumdat,
978 633 1017 673 ne
1040 613 1095 683 bac
1115 618 1142 673 ct

101 701 198 761 5illac
220 706 376 761 moveatur
399 705 452 759 661
474 702 567 776 cadat,
592 701 663 777 quia
685 701 736 760 ille
760 702 935 779 coagulatus
959 703 1082 780 sangnis
1102 702 1141 762 ibi

129 795 339 868 congregatur,
367 791 410 849 ita
442 789 523 866 quod
551 791 654 849 eadem
676 791 772 849 forma
794 791 825 848 in
847 791 946 850 medio
970 791 1037 851 eius
1058 793 1139 868 iacet,

128 883 165 939 ut
190 879 279 939 homo
306 881 338 938 in
364 879 535 938 habitaculo
564 880 670 938 domus
693 899 772 942 6666.
817 880 918 956 Atque
941 881 973 939 in
996 899 1032 941 eo
1055 881 1138 941 habet

128 971 268 1041 calorem,
297 972 328 1029 et
351 969 535 1027 adiutorium
557 968 589 1026 in
612 987 646 1027 eo
669 970 806 1027 nutritur
828 968 864 1028 de
886 970 975 1047 nigro
999 971 1138 1048 sanguina

127 1059 232 1118 iecoris
254 1058 388 1116 mulieris
411 1076 506 1133 usque
529 1057 565 1116 ad
588 1062 718 1133 partum.

87 1157 115 1203 10
195 1149 241 1207 Da
266 1147 507 1210 rationabilitate.
552 1146 592 1204 Et
621 1147 718 1205 infans
749 1150 812 1205 tam
844 1147 896 1207 diu
926 1148 957 1206 in
989 1167 1059 1208 vase
1089 1148 1136 1207 illo

127 1237 245 1296 clausus
268 1237 356 1310 iacet,
384 1254 481 1311 66666
509 1234 582 1293 dum
604 1236 790 1295 rationalitas
813 1237 844 1295 16
867 1255 901 1296 eo
923 1237 1135 1312 plenitudinem

127 1345 211 1384 suam
249 1325 357 1384 habens
386 1343 541 1400 erumpere
567 1325 643 1387 vult.
668 1324 796 1400 ,Itaque
824 1325 952 1401 amplius
983 1327 1084 1386 claudi
1110 1328 1136 1384 et

127 1416 212 1474 silere
235 1434 295 1474 non
318 1417 417 1490 potest
438 1433 491 1473 nec
514 1413 614 1485 debet,
643 1414 833 1489 6616161666
856 1415 887 1472 in
910 1416 1014 1475 ventre
1036 1416 1134 1474 matris

127 1506 253 1564 clamare
276 1522 335 1563 non
357 1506 467 1579 potest.

87 1605 114 1651 15
195 1595 240 1653 De
258 1598 362 1667 partu.
410 1591 467 1651 Sed
490 1611 558 1650 curn
580 1592 641 1649 iam
663 1595 768 1667 partus
790 1593 889 1664 instat,
917 1611 977 1664 vas,
1009 1594 1042 1652 in
1066 1591 1138 1670 quod

127 1683 224 1741 infans
248 1684 365 1742 clausus
382 1685 434 1753 661,
458 1681 612 1752 scinditur,
636 1684 666 1739 61
681 1681 726 1740 vis
742 1681 933 1757 aeternitatis,
957 1701 1036 1758 quae
1051 1683 1138 1742 Evam

128 1771 278 1830 delatore
302 1771 385 1829 Adae
414 1770 526 1846 educit,
567 1789 636 1829 mox
663 1770 783 1829 veniens
814 1770 897 1829 adest
925 1774 1016 1846 atque
1044 1789 1138 1831 omnes

127 1860 253 1936 angulos
268 1860 431 1919 habitaculi
447 1860 578 1936 corporis
594 1859 728 1918 mulieris
744 1859 779 1917 de
794 1860 867 1918 locis
882 1860 944 1918 suis
960 1861 1078 1922 evertit.
1103 1860 1138 1918 nt

127 1968 226 2008 omnes
239 1950 427 2026 compagines
440 1949 571 2025 corporis
583 1949 718 2007 mulieris
729 1949 903 2007 fortitudini
918 1949 964 2007 illi
980 1952 1139 2009 occurrunt

86 2050 114 2095 20
128 2043 158 2097 et
181 2057 245 2096 6616
268 2039 435 2114 6666161661
458 2058 491 2098 66
516 2057 545 2097 66
569 2038 716 2113 66611661.
750 2038 852 2114 Atque
876 2038 920 2095 116
934 2055 965 2096 66
981 2040 1137 2107 continent

127 2129 199 2187 dum
221 2129 317 2186 infans
340 2128 517 2205 egrediatur,
549 2146 582 2186 ac
606 2127 711 2185 deinde
733 2127 844 2185 iterum
866 2126 1012 2202 replicant
1036 2147 1079 2198 se,
1106 2130 1140 2185 61

125 2218 209 2294 prius
232 2217 363 2276 fuerunt.
399 2215 455 2275 Sed
478 2219 507 2275 61
531 2216 628 2274 661166
650 2216 781 2291 16166116,
804 2216 925 2275 interim
949 2216 1022 2274 dum
1046 2217 1138 2276 infans

125 2307 289 2385 egreditur,
323 2307 412 2365 666111
445 2306 508 2365 vim
540 2305 737 2377 aeternitatis
773 2325 849 2381 6666
881 2324 945 2363 6661
977 2306 1075 2379 misit,
1108 2323 1139 2364 ao

125 2397 246 2456 interim
267 2397 346 2455 16616
370 2398 423 2455 est.

85 2497 113 2542 61
193 2488 238 2546 De
274 2486 475 2548 sensualitate.
531 2484 694 2559 Postquam
733 2486 833 2542 autem
870 2484 966 2542 infans
1005 2502 1138 2562 egressus

126 2576 230 2648 fuerit,
261 2595 331 2634 mcx
354 2593 456 2635 vocem
488 2574 576 2632 fletus
610 2572 734 2648 61611111,
767 2573 839 2648 6616
870 2573 1007 2631 tenebras
1038 2572 1138 2632 mundi

126 2666 224 2724 sentit.
280 2663 356 2723 Nam
390 2683 459 2724 oum
494 2663 566 2721 deus
600 2662 728 2719 animam
764 2662 796 2719 in
834 2661 998 2720 humanum
1033 2680 1138 2740 corpus

125 2755 232 2828 mittit,
266 2753 389 2814 scientia
410 2754 442 2810 in
466 2772 499 2810 66
522 2754 579 2826 661,
613 2751 698 2827 66661
721 2750 856 2813 dormiat.
902 2749 959 2810 Sed
981 2755 1138 2829 postquam

127 2860 234 2917 corpus
264 2843 434 2916 intraverit,
465 2842 587 2900 66166116
614 2840 646 2897 16
673 2840 737 2915 ipsa
764 2841 922 2912 excitatur,
955 2858 1025 2899 6661
1053 2860 1083 2900 se
1110 2840 1139 2898 16

86 2941 243 2989 occarnem
266 2932 349 2989 6116
373 2949 461 2990 venas
484 2930 602 3007 infligit.

194 3020 242 3078 De
263 3021 398 3084 scientia.
444 3018 520 3078 (lum
542 3037 613 3078 vero
638 3021 743 3094 partus
766 3017 893 3076 hominis
915 3018 1072 3091 institerit,
1099 3019 1140 3076 116

127 3109 209 3186 quod
233 3108 333 3168 divina
355 3109 400 3167 vis
423 3109 553 3167 claustra
574 3108 701 3167 materni
723 3109 803 3166 uteri
826 3107 929 3182 aperit,
951 3111 1026 3167 tunc
1047 3108 1138 3166 infans

126 3199 271 3258 virtutem
294 3197 342 3256 dei
364 3197 406 3256 ibi
429 3198 526 3272 sentit,
556 3200 645 3274 atque
668 3197 790 3255 scientia
811 3197 842 3255 in
865 3197 962 3254 anima
983 3197 1048 3256 6166
1070 3200 1140 3256 tuno

126 3288 164 3347 ad
192 3287 363 3347 discendum
394 3289 424 3345 et
454 3286 492 3345 ad
523 3287 700 3362 capiendum
728 3304 863 3362 quaeque
885 3285 923 3344 ad
946 3286 1071 3362 plenum
1091 3305 1136 3345 ex-

83 3378 238 3455 resurgit,
267 3395 335 3436 cum
360 3375 398 3435 ad
420 3375 492 3435 haec
513 3395 567 3451 per
589 3377 739 3452 optionem
762 3378 792 3434 et
814 3394 867 3451 per
890 3374 1070 3434 desiderium
1091 3394 1138 3434 ex·

125 3467 243 3528 citatur.
288 3463 364 3524 Nam
395 3484 463 3525 cum
494 3463 582 3524 homo
610 3465 765 3542 quodlibet
793 3483 868 3540 opus
895 3463 944 3523 vel
974 3465 1137 3540 quamlibet

117 3557 214 3614 artem
233 3575 294 3633 per
315 3556 467 3634 optionem
489 3557 521 3616 et
542 3573 595 3632 per
618 3553 799 3614 desiderium
819 3554 895 3613 scire
914 3552 992 3630 vult,
1014 3553 1136 3630 spiritus
