2438 3854
175 143 235 201 194
563 134 812 190 HILDEGARDlS

170 339 223 379 nec
253 320 285 378 in
316 323 425 396 quarta
455 338 508 378 nec
539 320 571 378 in
601 323 693 390 sexta,
725 338 763 377 ne
796 319 822 376 si
855 337 951 394 supra
984 320 1109 379 modum
1133 320 1176 377 hoo

169 409 286 482 fecerit,
318 409 386 467 inde
417 409 561 471 laedatur.
605 409 662 468 Sed
689 411 720 467 et
747 409 773 466 si
801 409 836 467 de
863 408 922 465 alia
953 409 1092 485 qualibet
1112 415 1177 484 peste

169 498 318 576 quispiam
339 497 428 557 homo
461 498 618 574 caliginem
649 499 785 572 senserit,
815 497 906 568 istud,
934 501 974 556 ut
1006 499 1177 574 praedictum

169 591 226 662 est,
258 607 326 647 oum
358 587 460 646 eadem
488 589 625 646 cuteoula
656 588 693 646 ad
723 586 921 662 reparandum
957 588 1062 645 visum
1095 587 1176 646 faeiat

142 675 244 735 ollam
276 695 344 735 oum
374 677 510 752 praefata
541 677 679 736 cuteoula
709 676 766 736 hoo
796 675 899 750 modo,
932 678 971 734 ut
999 677 1117 735 dictum
1137 681 1176 747 est,

168 769 361 843 temperatur,
384 766 540 842 caliginem
556 767 712 825 oculorum
734 766 846 840 aufert,
870 767 924 824 aut
948 765 1027 825 deus
1051 767 1107 825 hoc
1127 766 1176 823 fieri
1211 802 1213 809 ·

168 874 226 915 non
249 856 409 933 permittit.

236 945 348 1004 Contra
370 945 534 1004 luxuriam.
582 937 711 1022 ¹)Igitur
734 947 770 1000 ut
791 944 879 1002 homo
903 942 1136 1004 delectationem
1156 946 1177 1001 et

167 1033 320 1093 libidinem
336 1034 431 1092 carnis
446 1035 477 1091 in
492 1052 523 1092 se
538 1034 703 1109 extinguat,
727 1033 854 1108 accipiat
876 1032 906 1089 in
930 1036 1050 1092 natea
1074 1038 1178 1092 anetum

128 1135 155 1180 ιο
168 1128 199 1182 et
227 1123 272 1182 bis
294 1125 413 1182 tautum
436 1122 473 1181 de
495 1123 673 1182 bachmeaaa
701 1126 732 1181 et
758 1123 930 1180 lanchwara
958 1116 1016 1205 [et]
1042 1123 1178 1183 modicum

167 1213 237 1290 plus
267 1231 358 1289 quam
394 1213 571 1272 bactiaiaae
604 1215 695 1287 atque
730 1210 856 1270 radicem
885 1211 939 1269 iris
974 1211 1119 1288 Illyricae
1144 1211 1178 1270 bis

167 1305 285 1361 tontum
316 1303 352 1359 ut
384 1301 558 1361 baottaiaae
596 1304 626 1359 et
653 1297 803 1361 asohaoct
824 1303 944 1358 tantum
972 1303 1013 1358 ut
1040 1303 1097 1360 iris
1118 1301 1177 1375 Illy·

168 1392 244 1450 ricae
273 1409 307 1450 ao
336 1392 434 1448 omnia
460 1390 531 1450 haec
558 1391 588 1448 in
613 1393 730 1449 acetum
756 1389 868 1448 incidat
897 1391 928 1446 et
956 1407 992 1447 ex
1026 1391 1072 1450 eis
1094 1389 1178 1450 condi·

166 1484 300 1540 mentum
327 1481 417 1538 faciat
444 1482 474 1538 et
504 1480 546 1538 sio
573 1481 746 1555 frequenter
773 1497 842 1537 oum
865 1478 1006 1536 omuibus
1032 1479 1108 1540 cibis
1129 1480 1179 1538 suis

128 1582 154 1625 15
167 1570 310 1629 comedat.
354 1568 390 1626 In
421 1569 517 1628 hieme
547 1572 648 1626 autem
678 1567 750 1627 haee
778 1568 944 1644 pulverizet
971 1570 1005 1625 et
1034 1569 1179 1645 pulverem

167 1659 260 1718 istum
289 1659 361 1717 item
393 1677 463 1717 oum
491 1659 565 1717 escis
597 1658 658 1716 suis
688 1657 857 1727 manducet,
889 1655 971 1731 quod
1000 1658 1179 1718 viriditatem

168 1748 326 1806 earundem
348 1747 509 1805 herbarum
530 1750 603 1805 tunc
624 1745 733 1805 habere
755 1766 813 1805 uon
828 1747 935 1823 potest.
970 1741 1054 1806 Nam
1076 1748 1179 1808 siccitas

167 1840 197 1912 et
208 1836 358 1913 frigiditas
370 1837 450 1895 aneti
462 1837 591 1895 calorem
607 1835 811 1894 delectationis
827 1834 986 1910 extinguit,
1013 1841 1048 1895 et
1062 1838 1179 1915 frigidus

166 1943 271 1984 succus
295 1926 462 1984 bootimiaa
489 1944 582 2000 pravo
609 1930 697 1984 succo
720 1925 766 1983 illi
792 1924 917 1997 resistit,
947 1926 978 1982 et
1003 1924 1136 2002 frigidus
1154 1929 1179 1984 et

125 2025 153 2070 no
165 2034 222 2073 non
240 2014 421 2073 delectabilis
445 2033 548 2073 succus
571 2015 744 2074 laaoltwara
764 2033 888 2090 pravam
904 2012 1101 2074 dulcedinem
1115 2016 1178 2072 hano

165 2105 277 2175 aufert,
309 2122 342 2162 ao
364 2104 500 2162 virtuosa
521 2102 672 2180 frigiditas
693 2104 748 2162 iris
776 2103 912 2178 Illyricae
935 2101 1065 2163 eundem
1097 2105 1174 2163 deleo-

165 2194 308 2252 tationem
331 2197 463 2268 superat,
487 2196 517 2251 et
539 2211 685 2252 venenosa
707 2192 858 2269 frigiditas
881 2191 1039 2252 asoaeloca
1062 2212 1174 2270 pravum

164 2302 310 2342 venenum
333 2283 535 2341 delectationis
558 2282 677 2344 minuit.

233 2373 344 2432 Contra
364 2372 540 2443 fantasiam.
587 2370 646 2441 Qui
669 2390 687 2428 a
709 2370 855 2430 diabolico
877 2371 1063 2431 fantasmata
1085 2373 1114 2430 in
1136 2370 1171 2428 die

123 2473 151 2518 25
164 2466 218 2521 aut
239 2463 271 2520 in
293 2464 378 2520 nocte
402 2460 554 2537 vigilando
583 2463 636 2519 aut
663 2460 834 2518 dormiendo
862 2458 1028 2535 fatigatur,
1062 2460 1171 2536 accipiat

164 2552 319 2629 cingulum
342 2553 378 2609 de
401 2550 478 2626 pelle
501 2550 592 2608 halaa
622 2552 653 2608 et
680 2549 836 2625 cingulum
862 2548 899 2606 de
925 2548 1009 2623 pelle
1034 2549 1170 2624 capreolae

164 2643 275 2700 factum
298 2643 328 2698 et
350 2640 405 2698 hos
429 2639 504 2698 duos
528 2657 596 2697 oum
619 2642 751 2714 quatuor
772 2638 897 2696 minutis
920 2638 1017 2696 clavis
1042 2638 1078 2697 de
1094 2637 1169 2698 calibe

163 2730 249 2788 factis
270 2730 360 2788 simul
383 2729 543 2801 confirmet,
567 2728 678 2786 scilieet
701 2728 783 2786 olavo
806 2746 865 2785 uuo
889 2726 927 2785 ad
955 2731 1102 2793 ventrem,
1122 2742 1168 2785 uno

164 2818 199 2876 ad
217 2819 346 2889 dorsum,
369 2818 456 2877 etad
476 2819 639 2893 utrumque
659 2816 738 2874 latus
760 2835 831 2874 uno.
858 2815 897 2873 Et
924 2819 1040 2892 <cum>
1068 2818 1169 2877 clavum

123 2917 150 2962 30
163 2908 257 2981 illum,
287 2907 337 2982 qui
368 2906 560 2965 advenirem
588 2906 656 2976 erit,
687 2905 793 2982 infigit,
817 2905 906 2964 dicat:
940 2905 985 2977 ,Iu
1019 2905 1168 2968 fortissima

162 2997 193 3055 vi
217 2996 428 3071 omnipotentis
452 2995 499 3053 dei
522 2995 559 3052 ad
581 2998 782 3053 tutamentum
805 3013 904 3052 meum
927 2998 959 3052 te
982 2992 1109 3056 adiuro’.
1138 2992 1168 3051 a

163 3085 353 3160 camillum,
387 3085 440 3160 qui
463 3085 500 3142 ad
523 3084 645 3142 dorsum
668 3084 737 3154 erit,
760 3084 900 3159 imponit,
925 3083 1019 3144 dicat:
1055 3086 1098 3161 ,ln
1120 3084 1168 3141 for·

162 3175 276 3234 tissima
291 3174 322 3233 vi
345 3174 552 3248 omnipotentia
576 3172 623 3232 dei
646 3173 683 3231 ad
706 3175 909 3232 tutamentum
924 3192 1030 3232 meum
1045 3180 1075 3235 te
1097 3173 1167 3232 bene·

163 3265 244 3326 dico'.
282 3264 322 3321 Et
344 3281 411 3320 oum
434 3263 528 3334 illum,
554 3263 606 3338 qui
629 3262 665 3320 ad
689 3261 828 3320 dextrum
850 3262 930 3320 latus
953 3263 1022 3335 erit,
1046 3261 1168 3339 imponit,

120 3363 148 3408 ³5
162 3355 251 3414 dicat:
285 3353 329 3430 ,In
358 3352 521 3410 fortissima
547 3353 578 3409 vi
606 3352 816 3426 omnipotentis
843 3351 891 3409 dei
914 3351 953 3409 ad
975 3354 1168 3412 tutamentum
