2438 3854
342 153 484 210 CAUSAE
503 153 550 212 ET
568 152 690 221 cuum
709 152 776 211 LIB.
794 153 829 210 11.
1030 157 1093 220 119

78 339 171 398 etiam
193 339 281 400 homo
304 338 540 415 supramodum
563 339 619 399 sibi
642 341 748 415 potum
764 337 928 413 subtrahat,
952 339 1094 415 quoniam

77 428 105 486 si
127 428 159 486 in
181 427 359 488 abstinentia
373 432 464 503 potus
479 427 598 488 aridum
612 447 643 487 se
658 428 770 503 feeerit,
793 428 972 506 gravitatem
987 429 1095 488 mentis

78 520 110 576 et
132 519 266 593 eorporis
287 517 356 577 inde
377 517 513 579 incurrit.
549 517 610 578 Neo
632 517 699 593 eibi,
723 535 800 594 quos
824 517 962 589 eomedit,
985 517 1095 578 bonam

79 606 276 684 digestionem
290 625 344 666 nea
366 608 523 667 sanitatem
546 607 679 683 eorporis
702 607 730 667 ei
751 607 877 666 interius
896 607 1005 666 inferre
1024 625 1092 683 pos·

78 699 158 771 sunt,
181 697 265 756 velut
285 696 377 755 etiam
403 699 483 756 terra
513 697 614 774 gravis
642 699 672 759 et
699 697 775 756 dura
804 699 836 755 et
862 695 947 755 arida
975 695 1011 755 fit
1042 707 1122 756 neon

79 784 172 844 bonos
195 786 312 845 fruetus
334 785 429 862 effert,
451 786 477 845 si
499 785 681 846 humectatio
704 785 825 862 pluviae
847 785 875 844 ei
897 783 1095 846 subtrahitur.

80 872 157 932 (lum
193 877 291 934 autem
325 877 428 934 venter
459 866 587 935 hominis
622 874 696 934 cibis
737 877 768 935 et
800 874 922 950 potibus
952 873 1094 950 repletur,

78 981 196 1023 neeesse
218 967 270 1039 est
293 967 329 1023 ut
350 964 560 1041 purgationem
584 964 756 1041 digestionis
778 962 892 1026 habeat.

146 1054 194 1112 De
215 1054 390 1116 minutione.
435 1051 510 1114 Cum
537 1072 627 1113 venae
657 1052 786 1113 hominis
818 1052 962 1130 sanguine
989 1052 1094 1128 plenae

77 1144 163 1216 snut,
194 1162 212 1201 a
233 1142 320 1202 noxio
347 1142 453 1203 livore
469 1145 499 1202 et
530 1143 566 1202 ab
593 1143 716 1202 humore
744 1141 919 1219 digestionis
945 1161 1015 1202 suae
1042 1161 1095 1218 per
1109 1151 1137 1199 10

77 1230 249 1290 incisionem
287 1232 413 1309 purgari
448 1232 564 1296 debent.
618 1231 693 1293 (lum
726 1235 827 1291 autem
860 1251 935 1292 vena
968 1231 1095 1291 hominis

76 1318 231 1391 inciditur,
254 1320 376 1398 sanguia
398 1321 461 1381 eius
485 1321 571 1399 quasi
594 1321 749 1397 repentino
777 1339 888 1396 pavore
915 1320 1095 1396 ooneutitur,

79 1412 110 1468 et
134 1409 214 1484 quod
240 1413 312 1469 tuno
343 1411 474 1487 primum
497 1411 659 1488 egreditur,
682 1411 803 1488 sanguis
829 1412 882 1485 est,
913 1415 944 1469 et
965 1409 1095 1486 putredo

77 1501 110 1558 et
136 1498 263 1575 digestio
290 1500 442 1576 sanguinis
471 1500 562 1560 simul
590 1502 741 1575 emanant,
773 1502 804 1558 et
830 1498 898 1558 ideo
921 1498 1002 1575 quod
1023 1501 1096 1558 tune

78 1591 197 1647 emanat
219 1587 317 1649 varios
339 1589 451 1648 oolores
473 1589 570 1665 babet,
593 1588 734 1665 quoniam
755 1586 839 1648 tabes
854 1591 885 1646 et
899 1587 1019 1665 sanguis
1042 1590 1094 1648 est.
1109 1597 1136 1642 1⁵

76 1676 165 1736 Unde
196 1680 354 1753 postquam
387 1677 471 1738 tabes
500 1698 570 1739 oum
599 1678 744 1755 sanguine
776 1677 972 1753 emanaverit,
1001 1695 1096 1754 purus

75 1766 199 1842 sanguis
230 1765 396 1844 egreditur,
432 1771 463 1826 et
492 1771 566 1828 tune
595 1787 613 1826 a
642 1765 807 1826 minutione
837 1766 1011 1826 cessandum
1042 1771 1096 1830 est.

77 1853 139 1925 Qui
169 1858 269 1914 autem
301 1857 476 1934 sanguinem
501 1858 533 1916 in
560 1875 636 1916 vena
657 1855 779 1926 minuit,
812 1858 885 1915 tuno
906 1856 931 1915 si
954 1874 1042 1916 sanus
1065 1860 1096 1916 et

76 1944 166 2004 forus
188 1963 310 2020 eorpora
332 1948 386 2022 eet,
409 1965 478 2005 eum
500 1946 538 2005 ad
559 1963 727 2006 mensuram
749 1943 825 2003 hano
846 1944 975 2018 minuat,
1005 1964 1095 2022 quam

77 2033 168 2092 fortis
198 2036 229 2092 et
256 2034 359 2094 sitiens
389 2035 436 2094 vir
465 2054 525 2094 uno
556 2037 656 2095 traotu
685 2033 798 2093 balitus
830 2033 861 2092 in
889 2053 967 2110 aqua
994 2034 1136 2094 biberem

77 2125 186 2198 potest.
230 2122 317 2194 Quod
344 2124 369 2182 si
400 2121 508 2185 debilis
535 2142 658 2200 corpore
685 2126 742 2198 ast,
774 2126 847 2182 tune
869 2124 1042 2200 sangiunem
1063 2125 1095 2184 in

76 2229 154 2270 vena
176 2212 214 2270 ad
236 2230 403 2272 mensuram
426 2212 502 2272 hane
524 2213 648 2288 minuat,
673 2231 749 2289 quae
771 2231 861 2272 ovum
884 2215 981 2272 rectae
995 2213 1095 2272 mode·

75 2299 201 2360 rationis
230 2301 380 2361 inoludere
406 2305 514 2378 potest.
562 2298 644 2364 Nam
671 2301 798 2361 minutio
824 2301 989 2378 sanguinis,
1019 2320 1095 2376 quae

77 2409 169 2465 supra
202 2391 326 2450 modum
357 2392 404 2463 fit,
439 2408 547 2468 eorpus
580 2391 729 2462 debilitat,
763 2391 843 2450 sieut
876 2393 907 2448 et
939 2389 1094 2448 inundatio

76 2479 258 2555 pluviarum,
281 2500 358 2556 quae
381 2481 444 2540 sine
466 2480 667 2540 moderatione
687 2498 779 2554 supra
793 2483 904 2539 terram
919 2477 1008 2552 eadit,
1030 2496 1094 2536 eam
1107 2486 1135 2531 25

76 2567 177 2630 laedit.
212 2568 270 2627 Illa
292 2572 393 2629 autem
415 2570 553 2641 minutio,
577 2587 653 2645 quae
675 2571 756 2627 reeta
777 2567 812 2626 fit
833 2585 979 2642 mensura,
1003 2566 1095 2626 malos

76 2657 217 2717 humores
241 2659 341 2718 aufert
362 2662 392 2718 et
414 2677 523 2735 eorpus
546 2660 640 2732 aurat,
665 2656 917 2733 quemadmodum
939 2657 970 2715 et
984 2655 1094 2731 pluvia,

77 2764 155 2822 quae
176 2747 324 2821 paulatim
351 2750 381 2807 et
407 2748 558 2808 moderate
585 2765 677 2823 super
702 2749 814 2805 terram
841 2745 933 2816 eadit,
966 2764 1030 2805 eam
1053 2745 1094 2804 in·

76 2834 173 2894 undat
195 2840 226 2895 et
247 2837 395 2896 salubrem
419 2837 457 2896 ad
479 2835 703 2912 producendum
725 2836 842 2894 fruetus
864 2834 945 2895 feeit.

145 2924 190 2983 De
222 2927 403 2985 minutionis
432 2927 609 2986 diuersitate.
662 2923 748 2984 Nune
782 2928 900 2996 autem,
938 2926 975 2983 ut
1011 2941 1093 3000 prae·
1107 2931 1135 2976 3⁰

76 3013 192 3073 dietum
226 3016 285 3086 est,
320 3015 402 3090 quod
435 3015 568 3091 primum
602 3014 639 3073 de
669 3014 793 3072 vulnere
822 3015 852 3072 et
885 3012 921 3071 de
954 3012 1094 3072 ineisione

76 3121 168 3162 venae
188 3102 350 3180 egreditur,
380 3103 501 3181 sanguis
529 3106 583 3179 est,
610 3105 640 3162 et
666 3103 698 3160 in
724 3121 758 3162 eo
786 3121 932 3163 venenum
954 3105 986 3161 et
1006 3101 1094 3178 pesti·

75 3191 135 3250 feri
156 3191 295 3252 humores
311 3193 411 3251 ⁸simul
441 3196 585 3251 emanant.
629 3191 744 3251 Deinde
774 3210 842 3251 eum
869 3191 1016 3251 emanatio
1043 3190 1094 3248 illa

74 3281 108 3339 in
130 3283 247 3340 reatum
268 3281 408 3341 ruborem
431 3283 461 3341 et
482 3281 514 3339 in
538 3282 630 3339 alium
652 3282 780 3341 colorem
802 3284 947 3352 mutatur,
975 3279 1094 3356 sangnis

74 3372 108 3428 et
129 3368 270 3430 humores
294 3371 426 3446 aequalis
448 3388 603 3429 mensurae
619 3372 697 3434 sunt.
731 3370 815 3429 Tune
837 3370 862 3428 si
877 3369 957 3428 idam
972 3368 1092 3444 sanguis
1105 3374 1133 3420 ³⁵

75 3458 206 3534 amplius
229 3461 421 3536 emanaverit,
453 3459 523 3518 boni
555 3463 585 3519 et
617 3460 689 3520 mali
714 3459 857 3519 humores
883 3475 956 3516 aum
977 3457 1100 3527 relisus

68 3547 214 3622 sanguine
234 3549 327 3608 simul
350 3550 593 3630 subsequuntur.
626 3551 671 3614 llt
691 3552 771 3612 tuno
793 3547 832 3608 ab
856 3545 967 3606 eadem
978 3540 1132 3599 ebusum
