<?xml version="1.0" encoding="UTF-8"?>
<!DOCTYPE html PUBLIC "-//W3C//DTD XHTML 1.0 Transitional//EN"
    "http://www.w3.org/TR/xhtml1/DTD/xhtml1-transitional.dtd">
<html xmlns="http://www.w3.org/1999/xhtml" xml:lang="en" lang="en">
 <head>
  <title>
</title>
<meta http-equiv="Content-Type" content="text/html;charset=utf-8" />
  <meta name='ocr-system' content='tesseract 3.04.00' />
  <meta name='ocr-capabilities' content='ocr_page ocr_carea ocr_par ocr_line ocrx_word'/>
</head>
<body>
  <div class='ocr_page' id='page_1' title='image "./hildegardiscaus01hildgoog_0044.png"; bbox 0 0 2460 3862; ppageno 0'>
   <div class='ocr_carea' id='block_1_1' title="bbox 338 109 1085 174">
    <p class='ocr_par' dir='ltr' id='par_1_1' title="bbox 338 109 1085 174">
     <span class='ocr_line' id='line_1_1' title="bbox 338 109 1085 174; baseline -0.009 -6"><span class='ocrx_word' id='word_1_1' title='bbox 338 112 478 168; x_wconf 79' lang='lat' dir='ltr'>CAUSAE</span> <span class='ocrx_word' id='word_1_2' title='bbox 497 111 544 166; x_wconf 76' lang='lat' dir='ltr'>Eu</span> <span class='ocrx_word' id='word_1_3' title='bbox 563 109 685 167; x_wconf 78' lang='lat' dir='ltr'><strong>CURAE</strong></span> <span class='ocrx_word' id='word_1_4' title='bbox 703 110 772 167; x_wconf 87' lang='lat' dir='ltr'><strong>LIB.</strong></span> <span class='ocrx_word' id='word_1_5' title='bbox 789 109 824 164; x_wconf 87' lang='lat' dir='ltr'>II.</span> <span class='ocrx_word' id='word_1_6' title='bbox 1045 115 1085 174; x_wconf 81' lang='grc'>33</span> 
     </span>
    </p>
   </div>
   <div class='ocr_carea' id='block_1_2' title="bbox 65 293 1086 642">
    <p class='ocr_par' dir='ltr' id='par_1_2' title="bbox 65 293 1086 642">
     <span class='ocr_line' id='line_1_2' title="bbox 66 293 1086 373; baseline -0.003 -17"><span class='ocrx_word' id='word_1_7' title='bbox 66 297 171 373; x_wconf 89' lang='lat' dir='ltr'>laedit,</span> <span class='ocrx_word' id='word_1_8' title='bbox 195 297 267 373; x_wconf 90' lang='lat' dir='ltr'>quia</span> <span class='ocrx_word' id='word_1_9' title='bbox 288 296 432 372; x_wconf 90' lang='lat' dir='ltr'>quosdam</span> <span class='ocrx_word' id='word_1_10' title='bbox 454 296 561 356; x_wconf 86' lang='lat' dir='ltr'>livores</span> <span class='ocrx_word' id='word_1_11' title='bbox 584 296 615 354; x_wconf 91' lang='lat' dir='ltr'>in</span> <span class='ocrx_word' id='word_1_12' title='bbox 638 313 668 355; x_wconf 92' lang='grc'>66</span> <span class='ocrx_word' id='word_1_13' title='bbox 690 295 791 366; x_wconf 81' lang='lat' dir='ltr'>habet3</span> <span class='ocrx_word' id='word_1_14' title='bbox 815 293 967 353; x_wconf 87' lang='lat' dir='ltr'>moderata</span> <span class='ocrx_word' id='word_1_15' title='bbox 987 298 1086 353; x_wconf 91' lang='lat' dir='ltr'>autem</span> 
     </span>
     <span class='ocr_line' id='line_1_3' title="bbox 65 383 1086 462; baseline -0.005 -16"><span class='ocrx_word' id='word_1_16' title='bbox 65 387 153 446; x_wconf 87' lang='lat' dir='ltr'>utilis</span> <span class='ocrx_word' id='word_1_17' title='bbox 187 389 232 446; x_wconf 90' lang='lat' dir='ltr'>est</span> <span class='ocrx_word' id='word_1_18' title='bbox 265 389 296 446; x_wconf 92' lang='grc'>61</span> <span class='ocrx_word' id='word_1_19' title='bbox 327 389 437 446; x_wconf 87' lang='lat' dir='ltr'>terram</span> <span class='ocrx_word' id='word_1_20' title='bbox 471 385 580 462; x_wconf 80' lang='lat' dir='ltr'>irrigat</span> <span class='ocrx_word' id='word_1_21' title='bbox 613 387 644 444; x_wconf 92' lang='lat' dir='ltr'>et</span> <span class='ocrx_word' id='word_1_22' title='bbox 678 404 741 443; x_wconf 88' lang='lat' dir='ltr'>eam</span> <span class='ocrx_word' id='word_1_23' title='bbox 774 384 891 444; x_wconf 83' lang='lat' dir='ltr'>fruetus</span> <span class='ocrx_word' id='word_1_24' title='bbox 925 383 1086 459; x_wconf 89' lang='lat' dir='ltr'>producere</span> 
     </span>
     <span class='ocr_line' id='line_1_4' title="bbox 66 473 1085 552; baseline -0.003 -17"><span class='ocrx_word' id='word_1_25' title='bbox 66 477 156 548; x_wconf 86' lang='lat' dir='ltr'>facit,</span> <span class='ocrx_word' id='word_1_26' title='bbox 186 475 328 552; x_wconf 90' lang='lat' dir='ltr'>quoniam</span> <span class='ocrx_word' id='word_1_27' title='bbox 355 475 454 536; x_wconf 86' lang='lat' dir='ltr'>suavis</span> <span class='ocrx_word' id='word_1_28' title='bbox 482 483 527 535; x_wconf 90' lang='lat' dir='ltr'>est</span> <span class='ocrx_word' id='word_1_29' title='bbox 549 477 579 534; x_wconf 92' lang='lat' dir='ltr'>et</span> <span class='ocrx_word' id='word_1_30' title='bbox 602 474 640 533; x_wconf 89' lang='lat' dir='ltr'>ad</span> <span class='ocrx_word' id='word_1_31' title='bbox 663 474 825 534; x_wconf 76' lang='lat' dir='ltr'><strong>utilitatem</strong></span> <span class='ocrx_word' id='word_1_32' title='bbox 848 478 879 533; x_wconf 91' lang='lat' dir='ltr'>et</span> <span class='ocrx_word' id='word_1_33' title='bbox 900 473 1085 532; x_wconf 78' lang='lat' dir='ltr'>fertilitatem</span> 
     </span>
     <span class='ocr_line' id='line_1_5' title="bbox 68 565 412 642; baseline 0 -18"><span class='ocrx_word' id='word_1_34' title='bbox 68 584 149 642; x_wconf 90' lang='lat' dir='ltr'>pura</span> <span class='ocrx_word' id='word_1_35' title='bbox 171 585 205 625; x_wconf 90' lang='lat' dir='ltr'>ao</span> <span class='ocrx_word' id='word_1_36' title='bbox 228 565 339 623; x_wconf 89' lang='lat' dir='ltr'>munda</span> <span class='ocrx_word' id='word_1_37' title='bbox 360 567 412 624; x_wconf 88' lang='lat' dir='ltr'>est.</span> 
     </span>
    </p>
   </div>
   <div class='ocr_carea' id='block_1_3' title="bbox 559 726 1114 790">
    <p class='ocr_par' dir='ltr' id='par_1_3' title="bbox 559 726 1114 790">
     <span class='ocr_line' id='line_1_6' title="bbox 559 726 1114 790; baseline 0.004 -6"><span class='ocrx_word' id='word_1_38' title='bbox 559 726 599 790; x_wconf 89' lang='grc' dir='ltr'>Π.</span> <span class='ocrx_word' id='word_1_39' title='bbox 1099 740 1114 786; x_wconf 83' lang='lat' dir='ltr'>s</span> 
     </span>
    </p>
   </div>
   <div class='ocr_carea' id='block_1_4' title="bbox 60 833 1126 3586">
    <p class='ocr_par' dir='ltr' id='par_1_4' title="bbox 67 833 1126 1535">
     <span class='ocr_line' id='line_1_7' title="bbox 135 833 1086 910; baseline 0.001 -17"><span class='ocrx_word' id='word_1_40' title='bbox 135 833 182 893; x_wconf 82' lang='lat' dir='ltr'>De</span> <span class='ocrx_word' id='word_1_41' title='bbox 213 834 299 893; x_wconf 83' lang='lat' dir='ltr'>Adae</span> <span class='ocrx_word' id='word_1_42' title='bbox 333 851 413 896; x_wconf 80' lang='grc'><strong>66616.</strong></span> <span class='ocrx_word' id='word_1_43' title='bbox 469 833 550 892; x_wconf 86' lang='lat' dir='ltr'>Deus</span> <span class='ocrx_word' id='word_1_44' title='bbox 584 834 628 892; x_wconf 93' lang='lat' dir='ltr'>ita</span> <span class='ocrx_word' id='word_1_45' title='bbox 662 834 774 893; x_wconf 87' lang='lat' dir='ltr'>creavit</span> <span class='ocrx_word' id='word_1_46' title='bbox 807 833 970 909; x_wconf 88' lang='lat' dir='ltr'>hominem,</span> <span class='ocrx_word' id='word_1_47' title='bbox 1005 836 1086 910; x_wconf 91' lang='lat' dir='ltr'>quod</span> 
     </span>
     <span class='ocr_line' id='line_1_8' title="bbox 68 922 1087 995; baseline 0.003 -15"><span class='ocrx_word' id='word_1_48' title='bbox 68 923 170 981; x_wconf 89' lang='lat' dir='ltr'>omnia</span> <span class='ocrx_word' id='word_1_49' title='bbox 193 922 330 981; x_wconf 84' lang='lat' dir='ltr'>animalia</span> <span class='ocrx_word' id='word_1_50' title='bbox 352 923 388 981; x_wconf 90' lang='lat' dir='ltr'>ad</span> <span class='ocrx_word' id='word_1_51' title='bbox 411 923 586 984; x_wconf 78' lang='lat' dir='ltr'>servitutem</span> <span class='ocrx_word' id='word_1_52' title='bbox 610 924 673 982; x_wconf 88' lang='lat' dir='ltr'>eius</span> <span class='ocrx_word' id='word_1_53' title='bbox 695 923 827 982; x_wconf 89' lang='lat' dir='ltr'>subiecta</span> <span class='ocrx_word' id='word_1_54' title='bbox 847 925 928 995; x_wconf 88' lang='lat' dir='ltr'>sunt;</span> <span class='ocrx_word' id='word_1_55' title='bbox 951 923 1003 982; x_wconf 91' lang='lat' dir='ltr'>sed</span> <span class='ocrx_word' id='word_1_56' title='bbox 1018 943 1087 983; x_wconf 89' lang='lat' dir='ltr'>cum</span> 
     </span>
     <span class='ocr_line' id='line_1_9' title="bbox 72 1011 1086 1089; baseline 0.001 -19"><span class='ocrx_word' id='word_1_57' title='bbox 72 1011 163 1071; x_wconf 87' lang='lat' dir='ltr'>horno</span> <span class='ocrx_word' id='word_1_58' title='bbox 186 1015 378 1087; x_wconf 88' lang='lat' dir='ltr'>praecaptum</span> <span class='ocrx_word' id='word_1_59' title='bbox 402 1012 450 1071; x_wconf 90' lang='lat' dir='ltr'>dei</span> <span class='ocrx_word' id='word_1_60' title='bbox 472 1017 673 1089; x_wconf 81' lang='lat' dir='ltr'>transgressus</span> <span class='ocrx_word' id='word_1_61' title='bbox 696 1016 748 1087; x_wconf 89' lang='lat' dir='ltr'>est,</span> <span class='ocrx_word' id='word_1_62' title='bbox 772 1014 907 1071; x_wconf 88' lang='lat' dir='ltr'>mutatus</span> <span class='ocrx_word' id='word_1_63' title='bbox 929 1016 974 1071; x_wconf 92' lang='grc'>661</span> <span class='ocrx_word' id='word_1_64' title='bbox 996 1014 1086 1072; x_wconf 89' lang='lat' dir='ltr'>etiam</span> 
     </span>
     <span class='ocr_line' id='line_1_10' title="bbox 69 1100 1086 1178; baseline -0.001 -17"><span class='ocrx_word' id='word_1_65' title='bbox 69 1105 132 1161; x_wconf 87' lang='lat' dir='ltr'>tam</span> <span class='ocrx_word' id='word_1_66' title='bbox 158 1119 282 1176; x_wconf 90' lang='lat' dir='ltr'>corpore</span> <span class='ocrx_word' id='word_1_67' title='bbox 305 1120 395 1177; x_wconf 90' lang='lat' dir='ltr'>quam</span> <span class='ocrx_word' id='word_1_68' title='bbox 417 1106 524 1163; x_wconf 86' lang='lat' dir='ltr'>mente.</span> <span class='ocrx_word' id='word_1_69' title='bbox 559 1100 634 1160; x_wconf 88' lang='lat' dir='ltr'>Nam</span> <span class='ocrx_word' id='word_1_70' title='bbox 656 1103 772 1177; x_wconf 88' lang='lat' dir='ltr'>puritas</span> <span class='ocrx_word' id='word_1_71' title='bbox 795 1101 946 1178; x_wconf 79' lang='lat' dir='ltr'>sanguinis</span> <span class='ocrx_word' id='word_1_72' title='bbox 969 1103 1033 1161; x_wconf 88' lang='lat' dir='ltr'>eius</span> <span class='ocrx_word' id='word_1_73' title='bbox 1055 1103 1086 1160; x_wconf 94' lang='lat' dir='ltr'>in</span> 
     </span>
     <span class='ocr_line' id='line_1_11' title="bbox 73 1190 1126 1267; baseline 0 -19"><span class='ocrx_word' id='word_1_74' title='bbox 73 1190 168 1249; x_wconf 88' lang='lat' dir='ltr'>alium</span> <span class='ocrx_word' id='word_1_75' title='bbox 192 1191 314 1250; x_wconf 90' lang='lat' dir='ltr'>modum</span> <span class='ocrx_word' id='word_1_76' title='bbox 343 1209 427 1251; x_wconf 88' lang='lat' dir='ltr'>versa</span> <span class='ocrx_word' id='word_1_77' title='bbox 455 1196 511 1263; x_wconf 91' lang='lat' dir='ltr'>est,</span> <span class='ocrx_word' id='word_1_78' title='bbox 541 1191 585 1249; x_wconf 91' lang='lat' dir='ltr'>ita</span> <span class='ocrx_word' id='word_1_79' title='bbox 608 1191 688 1267; x_wconf 89' lang='lat' dir='ltr'>quod</span> <span class='ocrx_word' id='word_1_80' title='bbox 709 1210 765 1266; x_wconf 89' lang='lat' dir='ltr'>pro</span> <span class='ocrx_word' id='word_1_81' title='bbox 793 1191 924 1265; x_wconf 87' lang='lat' dir='ltr'>puritate</span> <span class='ocrx_word' id='word_1_82' title='bbox 951 1210 1085 1267; x_wconf 90' lang='lat' dir='ltr'>spumam</span> <span class='ocrx_word' id='word_1_83' title='bbox 1100 1204 1126 1248; x_wconf 89' lang='lat'>10</span> 
     </span>
     <span class='ocr_line' id='line_1_12' title="bbox 70 1279 1085 1356; baseline 0.001 -18"><span class='ocrx_word' id='word_1_84' title='bbox 70 1280 190 1339; x_wconf 89' lang='lat' dir='ltr'>seminis</span> <span class='ocrx_word' id='word_1_85' title='bbox 219 1280 296 1344; x_wconf 85' lang='lat' dir='ltr'>eicit.</span> <span class='ocrx_word' id='word_1_86' title='bbox 341 1279 374 1339; x_wconf 84' lang='lat' dir='ltr'>Si</span> <span class='ocrx_word' id='word_1_87' title='bbox 405 1281 482 1339; x_wconf 88' lang='lat' dir='ltr'>enim</span> <span class='ocrx_word' id='word_1_88' title='bbox 512 1280 601 1340; x_wconf 91' lang='lat' dir='ltr'>homo</span> <span class='ocrx_word' id='word_1_89' title='bbox 633 1281 664 1338; x_wconf 90' lang='lat' dir='ltr'>in</span> <span class='ocrx_word' id='word_1_90' title='bbox 693 1281 829 1356; x_wconf 81' lang='lat' dir='ltr'>paradiso</span> <span class='ocrx_word' id='word_1_91' title='bbox 857 1281 1022 1355; x_wconf 81' lang='lat' dir='ltr'>mansisset,</span> <span class='ocrx_word' id='word_1_92' title='bbox 1055 1282 1085 1339; x_wconf 92' lang='lat' dir='ltr'>in</span> 
     </span>
     <span class='ocr_line' id='line_1_13' title="bbox 70 1367 1086 1446; baseline 0.003 -20"><span class='ocrx_word' id='word_1_93' title='bbox 70 1368 255 1427; x_wconf 87' lang='lat' dir='ltr'>immutabili</span> <span class='ocrx_word' id='word_1_94' title='bbox 278 1372 308 1428; x_wconf 93' lang='lat' dir='ltr'>et</span> <span class='ocrx_word' id='word_1_95' title='bbox 329 1369 461 1446; x_wconf 87' lang='lat' dir='ltr'>perfecto</span> <span class='ocrx_word' id='word_1_96' title='bbox 485 1373 568 1429; x_wconf 89' lang='lat' dir='ltr'>statu</span> <span class='ocrx_word' id='word_1_97' title='bbox 590 1370 778 1445; x_wconf 87' lang='lat' dir='ltr'>perstitisset.</span> <span class='ocrx_word' id='word_1_98' title='bbox 816 1367 874 1429; x_wconf 83' lang='lat' dir='ltr'>Sed</span> <span class='ocrx_word' id='word_1_99' title='bbox 895 1369 966 1428; x_wconf 89' lang='lat' dir='ltr'>haec</span> <span class='ocrx_word' id='word_1_100' title='bbox 989 1371 1086 1430; x_wconf 88' lang='lat' dir='ltr'>omnia</span> 
     </span>
     <span class='ocr_line' id='line_1_14' title="bbox 67 1459 1084 1535; baseline 0.002 -17"><span class='ocrx_word' id='word_1_101' title='bbox 67 1462 140 1534; x_wconf 91' lang='lat' dir='ltr'>post</span> <span class='ocrx_word' id='word_1_102' title='bbox 151 1459 415 1535; x_wconf 84' lang='lat' dir='ltr'>transgressionem</span> <span class='ocrx_word' id='word_1_103' title='bbox 426 1459 457 1517; x_wconf 91' lang='lat' dir='ltr'>in</span> <span class='ocrx_word' id='word_1_104' title='bbox 467 1459 560 1517; x_wconf 90' lang='lat' dir='ltr'>alium</span> <span class='ocrx_word' id='word_1_105' title='bbox 572 1464 603 1517; x_wconf 92' lang='lat' dir='ltr'>et</span> <span class='ocrx_word' id='word_1_106' title='bbox 618 1478 752 1517; x_wconf 87' lang='lat' dir='ltr'>amarum</span> <span class='ocrx_word' id='word_1_107' title='bbox 768 1459 892 1518; x_wconf 85' lang='lat' dir='ltr'>modum</span> <span class='ocrx_word' id='word_1_108' title='bbox 906 1478 992 1518; x_wconf 88' lang='lat' dir='ltr'>versa</span> <span class='ocrx_word' id='word_1_109' title='bbox 1007 1464 1084 1520; x_wconf 90' lang='lat' dir='ltr'>sunt.</span> 
     </span>
    </p>

    <p class='ocr_par' dir='ltr' id='par_1_5' title="bbox 66 1546 1125 1892">
     <span class='ocr_line' id='line_1_15' title="bbox 138 1546 1086 1624; baseline 0.001 -18"><span class='ocrx_word' id='word_1_110' title='bbox 138 1547 185 1608; x_wconf 84' lang='lat' dir='ltr'>De</span> <span class='ocrx_word' id='word_1_111' title='bbox 219 1553 372 1620; x_wconf 80' lang='lat' dir='ltr'>spermate.</span> <span class='ocrx_word' id='word_1_112' title='bbox 428 1546 503 1606; x_wconf 87' lang='lat' dir='ltr'>Nam</span> <span class='ocrx_word' id='word_1_113' title='bbox 538 1549 658 1624; x_wconf 83' lang='lat' dir='ltr'>sanguis</span> <span class='ocrx_word' id='word_1_114' title='bbox 691 1548 818 1607; x_wconf 88' lang='lat' dir='ltr'>hominis</span> <span class='ocrx_word' id='word_1_115' title='bbox 851 1549 882 1606; x_wconf 90' lang='lat' dir='ltr'>in</span> <span class='ocrx_word' id='word_1_116' title='bbox 916 1548 1022 1608; x_wconf 88' lang='lat' dir='ltr'>ardore</span> <span class='ocrx_word' id='word_1_117' title='bbox 1056 1552 1086 1609; x_wconf 90' lang='grc'>61</span> 
     </span>
     <span class='ocr_line' id='line_1_16' title="bbox 69 1636 1125 1713; baseline -0.004 -17"><span class='ocrx_word' id='word_1_118' title='bbox 69 1636 167 1696; x_wconf 86' lang='lat' dir='ltr'>calore</span> <span class='ocrx_word' id='word_1_119' title='bbox 200 1636 330 1696; x_wconf 85' lang='lat' dir='ltr'>libidinis</span> <span class='ocrx_word' id='word_1_120' title='bbox 362 1636 480 1697; x_wconf 84' lang='lat' dir='ltr'>fervens</span> <span class='ocrx_word' id='word_1_121' title='bbox 510 1654 646 1712; x_wconf 86' lang='lat' dir='ltr'>spumam</span> <span class='ocrx_word' id='word_1_122' title='bbox 678 1637 714 1695; x_wconf 93' lang='lat' dir='ltr'>de</span> <span class='ocrx_word' id='word_1_123' title='bbox 744 1657 775 1696; x_wconf 94' lang='lat' dir='ltr'>se</span> <span class='ocrx_word' id='word_1_124' title='bbox 805 1636 885 1712; x_wconf 87' lang='lat' dir='ltr'>eicit,</span> <span class='ocrx_word' id='word_1_125' title='bbox 918 1638 998 1713; x_wconf 91' lang='lat' dir='ltr'>quod</span> <span class='ocrx_word' id='word_1_126' title='bbox 1028 1657 1082 1698; x_wconf 94' lang='lat' dir='ltr'>nos</span> <span class='ocrx_word' id='word_1_127' title='bbox 1098 1649 1125 1693; x_wconf 84' lang='lat'>15</span> 
     </span>
     <span class='ocr_line' id='line_1_17' title="bbox 66 1726 1083 1804; baseline 0.001 -19"><span class='ocrx_word' id='word_1_128' title='bbox 66 1745 168 1785; x_wconf 88' lang='lat' dir='ltr'>semen</span> <span class='ocrx_word' id='word_1_129' title='bbox 191 1726 323 1801; x_wconf 76' lang='lat' dir='ltr'>dicimus,</span> <span class='ocrx_word' id='word_1_130' title='bbox 346 1726 430 1787; x_wconf 83' lang='lat' dir='ltr'>velut</span> <span class='ocrx_word' id='word_1_131' title='bbox 453 1726 512 1785; x_wconf 91' lang='lat' dir='ltr'>olla</span> <span class='ocrx_word' id='word_1_132' title='bbox 535 1726 636 1801; x_wconf 89' lang='lat' dir='ltr'>aliqua</span> <span class='ocrx_word' id='word_1_133' title='bbox 656 1727 692 1785; x_wconf 91' lang='lat' dir='ltr'>ad</span> <span class='ocrx_word' id='word_1_134' title='bbox 712 1728 811 1804; x_wconf 83' lang='lat' dir='ltr'>ignem</span> <span class='ocrx_word' id='word_1_135' title='bbox 832 1727 931 1802; x_wconf 86' lang='lat' dir='ltr'>posita</span> <span class='ocrx_word' id='word_1_136' title='bbox 947 1746 1083 1803; x_wconf 90' lang='lat' dir='ltr'>spumam</span> 
     </span>
     <span class='ocr_line' id='line_1_18' title="bbox 68 1815 645 1892; baseline -0.002 -18"><span class='ocrx_word' id='word_1_137' title='bbox 68 1815 105 1874; x_wconf 88' lang='lat' dir='ltr'>de</span> <span class='ocrx_word' id='word_1_138' title='bbox 128 1816 246 1874; x_wconf 82' lang='lat' dir='ltr'>fervore</span> <span class='ocrx_word' id='word_1_139' title='bbox 267 1815 344 1892; x_wconf 85' lang='lat' dir='ltr'>ignis</span> <span class='ocrx_word' id='word_1_140' title='bbox 368 1815 403 1873; x_wconf 87' lang='lat' dir='ltr'>de</span> <span class='ocrx_word' id='word_1_141' title='bbox 427 1835 504 1891; x_wconf 89' lang='lat' dir='ltr'>aqua</span> <span class='ocrx_word' id='word_1_142' title='bbox 527 1816 645 1880; x_wconf 85' lang='lat' dir='ltr'>emittit,</span> 
     </span>
    </p>

    <p class='ocr_par' dir='ltr' id='par_1_6' title="bbox 62 1904 1124 2873">
     <span class='ocr_line' id='line_1_19' title="bbox 136 1904 1084 1979; baseline 0.002 -16"><span class='ocrx_word' id='word_1_143' title='bbox 136 1904 182 1963; x_wconf 84' lang='lat' dir='ltr'>Dc</span> <span class='ocrx_word' id='word_1_144' title='bbox 205 1909 351 1977; x_wconf 78' lang='lat' dir='ltr'>conceptu.</span> <span class='ocrx_word' id='word_1_145' title='bbox 388 1905 518 1964; x_wconf 78' lang='lat' dir='ltr'>Etcum</span> <span class='ocrx_word' id='word_1_146' title='bbox 542 1904 649 1979; x_wconf 88' lang='lat' dir='ltr'>aliquis</span> <span class='ocrx_word' id='word_1_147' title='bbox 671 1906 760 1966; x_wconf 93' lang='lat' dir='ltr'>homo</span> <span class='ocrx_word' id='word_1_148' title='bbox 784 1906 820 1964; x_wconf 91' lang='lat' dir='ltr'>de</span> <span class='ocrx_word' id='word_1_149' title='bbox 842 1905 952 1965; x_wconf 88' lang='lat' dir='ltr'>semine</span> <span class='ocrx_word' id='word_1_150' title='bbox 973 1906 1084 1965; x_wconf 89' lang='lat' dir='ltr'>infirmi</span> 
     </span>
     <span class='ocr_line' id='line_1_20' title="bbox 68 1993 1082 2071; baseline 0.003 -19"><span class='ocrx_word' id='word_1_151' title='bbox 68 1993 197 2052; x_wconf 91' lang='lat' dir='ltr'>hominis</span> <span class='ocrx_word' id='word_1_152' title='bbox 219 1995 386 2070; x_wconf 88' lang='lat' dir='ltr'>concipitur</span> <span class='ocrx_word' id='word_1_153' title='bbox 407 1995 456 2054; x_wconf 82' lang='lat' dir='ltr'>vel</span> <span class='ocrx_word' id='word_1_154' title='bbox 479 1994 515 2053; x_wconf 92' lang='lat' dir='ltr'>de</span> <span class='ocrx_word' id='word_1_155' title='bbox 538 1995 647 2053; x_wconf 90' lang='lat' dir='ltr'>semine</span> <span class='ocrx_word' id='word_1_156' title='bbox 670 1995 736 2070; x_wconf 91' lang='lat' dir='ltr'>illo,</span> <span class='ocrx_word' id='word_1_157' title='bbox 769 1994 848 2071; x_wconf 91' lang='lat' dir='ltr'>quod</span> <span class='ocrx_word' id='word_1_158' title='bbox 876 1998 965 2053; x_wconf 89' lang='lat' dir='ltr'>tenue</span> <span class='ocrx_word' id='word_1_159' title='bbox 988 2001 1018 2054; x_wconf 97' lang='grc'>61</span> <span class='ocrx_word' id='word_1_160' title='bbox 1039 1996 1082 2054; x_wconf 90' lang='lat' dir='ltr'>in·</span> 
     </span>
     <span class='ocr_line' id='line_1_21' title="bbox 65 2082 1124 2158; baseline -0.003 -17"><span class='ocrx_word' id='word_1_161' title='bbox 65 2084 186 2141; x_wconf 86' lang='lat' dir='ltr'>coctum</span> <span class='ocrx_word' id='word_1_162' title='bbox 208 2086 267 2155; x_wconf 90' lang='lat' dir='ltr'>est,</span> <span class='ocrx_word' id='word_1_163' title='bbox 290 2083 340 2142; x_wconf 90' lang='lat' dir='ltr'>sed</span> <span class='ocrx_word' id='word_1_164' title='bbox 363 2083 465 2158; x_wconf 91' lang='lat' dir='ltr'>aliqua</span> <span class='ocrx_word' id='word_1_165' title='bbox 487 2082 554 2141; x_wconf 86' lang='lat' dir='ltr'>tabe</span> <span class='ocrx_word' id='word_1_166' title='bbox 578 2087 608 2143; x_wconf 91' lang='grc'>61</span> <span class='ocrx_word' id='word_1_167' title='bbox 630 2084 787 2158; x_wconf 85' lang='lat' dir='ltr'>putredine</span> <span class='ocrx_word' id='word_1_168' title='bbox 809 2084 1003 2158; x_wconf 88' lang='lat' dir='ltr'>permixtum:</span> <span class='ocrx_word' id='word_1_169' title='bbox 1036 2085 1124 2143; x_wconf 79' lang='lat' dir='ltr'>hicao</span> 
     </span>
     <span class='ocr_line' id='line_1_22' title="bbox 65 2171 1083 2246; baseline 0.002 -16"><span class='ocrx_word' id='word_1_170' title='bbox 65 2171 235 2246; x_wconf 85' lang='lat' dir='ltr'>saepissime</span> <span class='ocrx_word' id='word_1_171' title='bbox 264 2172 295 2230; x_wconf 91' lang='lat' dir='ltr'>in</span> <span class='ocrx_word' id='word_1_172' title='bbox 322 2172 386 2232; x_wconf 82' lang='grc'><strong>1116</strong></span> <span class='ocrx_word' id='word_1_173' title='bbox 412 2191 467 2231; x_wconf 90' lang='lat' dir='ltr'>sua</span> <span class='ocrx_word' id='word_1_174' title='bbox 493 2173 584 2231; x_wconf 89' lang='lat' dir='ltr'>etiam</span> <span class='ocrx_word' id='word_1_175' title='bbox 611 2172 746 2231; x_wconf 88' lang='lat' dir='ltr'>infirmus</span> <span class='ocrx_word' id='word_1_176' title='bbox 770 2173 827 2231; x_wconf 92' lang='grc'><strong>6111</strong></span> <span class='ocrx_word' id='word_1_177' title='bbox 849 2174 986 2232; x_wconf 86' lang='lat' dir='ltr'>etvalut</span> <span class='ocrx_word' id='word_1_178' title='bbox 1008 2175 1083 2232; x_wconf 88' lang='lat' dir='ltr'>carie</span> 
     </span>
     <span class='ocr_line' id='line_1_23' title="bbox 66 2260 1083 2338; baseline 0 -19"><span class='ocrx_word' id='word_1_179' title='bbox 66 2261 190 2336; x_wconf 89' lang='lat' dir='ltr'>plenus,</span> <span class='ocrx_word' id='word_1_180' title='bbox 213 2262 298 2321; x_wconf 85' lang='lat' dir='ltr'>velut</span> <span class='ocrx_word' id='word_1_181' title='bbox 320 2260 442 2336; x_wconf 88' lang='lat' dir='ltr'>aliquod</span> <span class='ocrx_word' id='word_1_182' title='bbox 464 2262 593 2338; x_wconf 81' lang='lat' dir='ltr'>lignum,</span> <span class='ocrx_word' id='word_1_183' title='bbox 621 2263 702 2336; x_wconf 91' lang='lat' dir='ltr'>quod</span> <span class='ocrx_word' id='word_1_184' title='bbox 725 2261 874 2321; x_wconf 86' lang='lat' dir='ltr'>vermibus</span> <span class='ocrx_word' id='word_1_185' title='bbox 897 2263 1083 2335; x_wconf 86' lang='lat' dir='ltr'>perforatum</span> 
     </span>
     <span class='ocr_line' id='line_1_24' title="bbox 66 2349 1083 2426; baseline 0 -18"><span class='ocrx_word' id='word_1_186' title='bbox 66 2350 178 2409; x_wconf 85' lang='lat' dir='ltr'>cariem</span> <span class='ocrx_word' id='word_1_187' title='bbox 200 2351 280 2413; x_wconf 89' lang='lat' dir='ltr'>eicit.</span> <span class='ocrx_word' id='word_1_188' title='bbox 310 2349 396 2409; x_wconf 88' lang='lat' dir='ltr'>Unde</span> <span class='ocrx_word' id='word_1_189' title='bbox 418 2351 474 2410; x_wconf 93' lang='grc'><strong>1616</strong></span> <span class='ocrx_word' id='word_1_190' title='bbox 496 2351 584 2409; x_wconf 92' lang='lat' dir='ltr'>homo</span> <span class='ocrx_word' id='word_1_191' title='bbox 608 2351 757 2410; x_wconf 80' lang='lat' dir='ltr'>ulceribus</span> <span class='ocrx_word' id='word_1_192' title='bbox 781 2355 810 2410; x_wconf 91' lang='lat' dir='ltr'>et</span> <span class='ocrx_word' id='word_1_193' title='bbox 825 2351 982 2426; x_wconf 90' lang='lat' dir='ltr'>putredine</span> <span class='ocrx_word' id='word_1_194' title='bbox 996 2369 1083 2426; x_wconf 90' lang='lat' dir='ltr'>saepe</span> 
     </span>
     <span class='ocr_line' id='line_1_25' title="bbox 65 2438 1083 2516; baseline -0.001 -18"><span class='ocrx_word' id='word_1_195' title='bbox 65 2439 203 2514; x_wconf 91' lang='lat' dir='ltr'>repletur</span> <span class='ocrx_word' id='word_1_196' title='bbox 233 2458 266 2498; x_wconf 91' lang='grc'>66</span> <span class='ocrx_word' id='word_1_197' title='bbox 296 2439 413 2498; x_wconf 88' lang='lat' dir='ltr'>facilins</span> <span class='ocrx_word' id='word_1_198' title='bbox 444 2440 545 2499; x_wconf 82' lang='lat' dir='ltr'>labem</span> <span class='ocrx_word' id='word_1_199' title='bbox 579 2442 609 2498; x_wconf 93' lang='lat' dir='ltr'>et</span> <span class='ocrx_word' id='word_1_200' title='bbox 642 2440 829 2516; x_wconf 90' lang='lat' dir='ltr'>putredinem</span> <span class='ocrx_word' id='word_1_201' title='bbox 865 2457 997 2498; x_wconf 87' lang='lat' dir='ltr'>escarum</span> <span class='ocrx_word' id='word_1_202' title='bbox 1027 2438 1083 2497; x_wconf 91' lang='lat' dir='ltr'>sibi</span> 
     </span>
     <span class='ocr_line' id='line_1_26' title="bbox 65 2527 1123 2604; baseline -0.003 -17"><span class='ocrx_word' id='word_1_203' title='bbox 65 2527 195 2587; x_wconf 88' lang='lat' dir='ltr'>attrahit</span> <span class='ocrx_word' id='word_1_204' title='bbox 225 2529 263 2587; x_wconf 91' lang='lat' dir='ltr'>ad</span> <span class='ocrx_word' id='word_1_205' title='bbox 292 2527 482 2604; x_wconf 89' lang='lat' dir='ltr'>putredinem</span> <span class='ocrx_word' id='word_1_206' title='bbox 513 2529 610 2604; x_wconf 88' lang='lat' dir='ltr'>illam,</span> <span class='ocrx_word' id='word_1_207' title='bbox 640 2548 730 2604; x_wconf 90' lang='lat' dir='ltr'>quam</span> <span class='ocrx_word' id='word_1_208' title='bbox 761 2528 860 2591; x_wconf 86' lang='lat' dir='ltr'>babet.</span> <span class='ocrx_word' id='word_1_209' title='bbox 904 2528 962 2586; x_wconf 86' lang='lat' dir='ltr'>Sed</span> <span class='ocrx_word' id='word_1_210' title='bbox 983 2528 1080 2604; x_wconf 91' lang='lat' dir='ltr'>homo,</span> <span class='ocrx_word' id='word_1_211' title='bbox 1095 2538 1123 2584; x_wconf 82' lang='lat'>25</span> 
     </span>
     <span class='ocr_line' id='line_1_27' title="bbox 64 2616 1082 2693; baseline 0.003 -18"><span class='ocrx_word' id='word_1_212' title='bbox 64 2618 120 2693; x_wconf 90' lang='lat' dir='ltr'>qui</span> <span class='ocrx_word' id='word_1_213' title='bbox 143 2616 190 2677; x_wconf 85' lang='lat' dir='ltr'>his</span> <span class='ocrx_word' id='word_1_214' title='bbox 213 2621 301 2693; x_wconf 89' lang='grc'><strong>66161,</strong></span> <span class='ocrx_word' id='word_1_215' title='bbox 324 2619 421 2678; x_wconf 89' lang='lat' dir='ltr'>sanior</span> <span class='ocrx_word' id='word_1_216' title='bbox 444 2621 496 2678; x_wconf 91' lang='lat' dir='ltr'>est.</span> <span class='ocrx_word' id='word_1_217' title='bbox 531 2616 563 2676; x_wconf 82' lang='lat' dir='ltr'>Si</span> <span class='ocrx_word' id='word_1_218' title='bbox 586 2623 686 2677; x_wconf 88' lang='lat' dir='ltr'>autem</span> <span class='ocrx_word' id='word_1_219' title='bbox 708 2617 898 2692; x_wconf 88' lang='lat' dir='ltr'>superfluitas</span> <span class='ocrx_word' id='word_1_220' title='bbox 921 2617 953 2675; x_wconf 91' lang='lat' dir='ltr'>in</span> <span class='ocrx_word' id='word_1_221' title='bbox 973 2617 1082 2678; x_wconf 89' lang='lat' dir='ltr'>semine</span> 
     </span>
     <span class='ocr_line' id='line_1_28' title="bbox 67 2707 1080 2786; baseline 0.002 -20"><span class='ocrx_word' id='word_1_222' title='bbox 67 2709 126 2778; x_wconf 90' lang='grc'><strong>661,</strong></span> <span class='ocrx_word' id='word_1_223' title='bbox 160 2709 233 2766; x_wconf 86' lang='lat' dir='ltr'>tune</span> <span class='ocrx_word' id='word_1_224' title='bbox 254 2707 343 2766; x_wconf 91' lang='lat' dir='ltr'>homo</span> <span class='ocrx_word' id='word_1_225' title='bbox 366 2708 431 2783; x_wconf 88' lang='lat' dir='ltr'>ille,</span> <span class='ocrx_word' id='word_1_226' title='bbox 461 2707 514 2782; x_wconf 88' lang='lat' dir='ltr'>qui</span> <span class='ocrx_word' id='word_1_227' title='bbox 537 2727 572 2766; x_wconf 84' lang='lat' dir='ltr'>ex</span> <span class='ocrx_word' id='word_1_228' title='bbox 589 2707 650 2786; x_wconf 84' lang='lat' dir='ltr'>¹hoo</span> <span class='ocrx_word' id='word_1_229' title='bbox 678 2707 857 2782; x_wconf 87' lang='lat' dir='ltr'>concipitur,</span> <span class='ocrx_word' id='word_1_230' title='bbox 890 2707 1080 2785; x_wconf 82' lang='lat' dir='ltr'>incontinens,</span> 
     </span>
     <span class='ocr_line' id='line_1_29' title="bbox 62 2796 802 2873; baseline 0.004 -19"><span class='ocrx_word' id='word_1_231' title='bbox 62 2796 276 2856; x_wconf 88' lang='lat' dir='ltr'>immoderatus</span> <span class='ocrx_word' id='word_1_232' title='bbox 298 2800 328 2856; x_wconf 92' lang='lat' dir='ltr'>et</span> <span class='ocrx_word' id='word_1_233' title='bbox 349 2796 466 2873; x_wconf 80' lang='lat' dir='ltr'>fragilis</span> <span class='ocrx_word' id='word_1_234' title='bbox 489 2815 523 2856; x_wconf 92' lang='lat' dir='ltr'>ac</span> <span class='ocrx_word' id='word_1_235' title='bbox 545 2797 714 2873; x_wconf 90' lang='lat' dir='ltr'>superfluus</span> <span class='ocrx_word' id='word_1_236' title='bbox 738 2798 802 2857; x_wconf 89' lang='lat' dir='ltr'>erit.</span> 
     </span>
    </p>

    <p class='ocr_par' dir='ltr' id='par_1_7' title="bbox 60 2885 1121 3586">
     <span class='ocr_line' id='line_1_30' title="bbox 132 2885 1079 2958; baseline 0.002 -14"><span class='ocrx_word' id='word_1_237' title='bbox 132 2885 232 2958; x_wconf 79' lang='lat' dir='ltr'>Quare</span> <span class='ocrx_word' id='word_1_238' title='bbox 253 2887 338 2945; x_wconf 81' lang='lat' dir='ltr'>bomo</span> <span class='ocrx_word' id='word_1_239' title='bbox 359 2887 496 2946; x_wconf 71' lang='lat' dir='ltr'>hirsutas</span> <span class='ocrx_word' id='word_1_240' title='bbox 517 2903 580 2944; x_wconf 78' lang='lat' dir='ltr'>aaa</span> <span class='ocrx_word' id='word_1_241' title='bbox 603 2891 653 2949; x_wconf 83' lang='grc'><strong>661.</strong></span> <span class='ocrx_word' id='word_1_242' title='bbox 699 2885 785 2955; x_wconf 76' lang='lat' dir='ltr'>Quod</span> <span class='ocrx_word' id='word_1_243' title='bbox 817 2889 917 2945; x_wconf 88' lang='lat' dir='ltr'>autem</span> <span class='ocrx_word' id='word_1_244' title='bbox 945 2886 1079 2946; x_wconf 88' lang='lat' dir='ltr'>hirsutus</span> 
     </span>
     <span class='ocr_line' id='line_1_31' title="bbox 62 2974 1121 3051; baseline -0.004 -18"><span class='ocrx_word' id='word_1_245' title='bbox 62 2992 122 3034; x_wconf 93' lang='lat' dir='ltr'>non</span> <span class='ocrx_word' id='word_1_246' title='bbox 146 2979 199 3047; x_wconf 90' lang='lat' dir='ltr'>est,</span> <span class='ocrx_word' id='word_1_247' title='bbox 227 2975 283 3034; x_wconf 91' lang='lat' dir='ltr'>hoc</span> <span class='ocrx_word' id='word_1_248' title='bbox 304 2974 341 3033; x_wconf 91' lang='lat' dir='ltr'>de</span> <span class='ocrx_word' id='word_1_249' title='bbox 363 2975 565 3035; x_wconf 86' lang='lat' dir='ltr'>rationalitate</span> <span class='ocrx_word' id='word_1_250' title='bbox 588 2979 640 3051; x_wconf 89' lang='lat' dir='ltr'>est,</span> <span class='ocrx_word' id='word_1_251' title='bbox 671 2977 742 3051; x_wconf 91' lang='lat' dir='ltr'>quia</span> <span class='ocrx_word' id='word_1_252' title='bbox 763 2976 948 3035; x_wconf 90' lang='lat' dir='ltr'>rationalitas</span> <span class='ocrx_word' id='word_1_253' title='bbox 972 2980 1121 3051; x_wconf 87' lang='grc'><strong>6161666</strong></span> 
     </span>
     <span class='ocr_line' id='line_1_32' title="bbox 62 3064 1079 3142; baseline 0.001 -20"><span class='ocrx_word' id='word_1_254' title='bbox 62 3064 134 3139; x_wconf 85' lang='grc'><strong>61116</strong></span> <span class='ocrx_word' id='word_1_255' title='bbox 158 3067 265 3139; x_wconf 87' lang='grc'><strong>61616</strong></span> <span class='ocrx_word' id='word_1_256' title='bbox 288 3064 392 3140; x_wconf 91' lang='lat' dir='ltr'>pennis</span> <span class='ocrx_word' id='word_1_257' title='bbox 416 3068 472 3137; x_wconf 93' lang='lat' dir='ltr'>est,</span> <span class='ocrx_word' id='word_1_258' title='bbox 501 3084 668 3140; x_wconf 89' lang='lat' dir='ltr'>perquam</span> <span class='ocrx_word' id='word_1_259' title='bbox 692 3084 722 3124; x_wconf 89' lang='grc'>66</span> <span class='ocrx_word' id='word_1_260' title='bbox 745 3066 822 3142; x_wconf 81' lang='lat' dir='ltr'>tagit</span> <span class='ocrx_word' id='word_1_261' title='bbox 844 3068 874 3123; x_wconf 90' lang='lat' dir='ltr'>et</span> <span class='ocrx_word' id='word_1_262' title='bbox 896 3067 990 3141; x_wconf 84' lang='lat' dir='ltr'>volat,</span> <span class='ocrx_word' id='word_1_263' title='bbox 1019 3084 1079 3140; x_wconf 91' lang='lat' dir='ltr'>quo</span> 
     </span>
     <span class='ocr_line' id='line_1_33' title="bbox 61 3152 1081 3230; baseline 0 -18"><span class='ocrx_word' id='word_1_264' title='bbox 61 3154 203 3218; x_wconf 83' lang='lat' dir='ltr'>voluerit.</span> <span class='ocrx_word' id='word_1_265' title='bbox 255 3152 313 3212; x_wconf 83' lang='lat' dir='ltr'>Sed</span> <span class='ocrx_word' id='word_1_266' title='bbox 329 3164 332 3170; x_wconf 84' lang='lat'>&#39;</span> <span class='ocrx_word' id='word_1_267' title='bbox 347 3152 428 3229; x_wconf 92' lang='lat' dir='ltr'>quod</span> <span class='ocrx_word' id='word_1_268' title='bbox 462 3154 611 3214; x_wconf 87' lang='lat' dir='ltr'>masculus</span> <span class='ocrx_word' id='word_1_269' title='bbox 644 3154 765 3213; x_wconf 88' lang='lat' dir='ltr'>barbam</span> <span class='ocrx_word' id='word_1_270' title='bbox 795 3155 886 3213; x_wconf 90' lang='lat' dir='ltr'>habet</span> <span class='ocrx_word' id='word_1_271' title='bbox 920 3157 950 3213; x_wconf 93' lang='lat' dir='ltr'>et</span> <span class='ocrx_word' id='word_1_272' title='bbox 980 3155 1081 3230; x_wconf 91' lang='lat' dir='ltr'>plures</span> 
     </span>
     <span class='ocr_line' id='line_1_34' title="bbox 62 3242 1082 3319; baseline -0.002 -17"><span class='ocrx_word' id='word_1_273' title='bbox 62 3242 157 3302; x_wconf 87' lang='lat' dir='ltr'>crines</span> <span class='ocrx_word' id='word_1_274' title='bbox 179 3243 211 3301; x_wconf 92' lang='lat' dir='ltr'>in</span> <span class='ocrx_word' id='word_1_275' title='bbox 234 3261 356 3318; x_wconf 87' lang='lat' dir='ltr'>corpore</span> <span class='ocrx_word' id='word_1_276' title='bbox 384 3261 438 3303; x_wconf 90' lang='lat' dir='ltr'>suo</span> <span class='ocrx_word' id='word_1_277' title='bbox 466 3263 557 3319; x_wconf 89' lang='lat' dir='ltr'>quam</span> <span class='ocrx_word' id='word_1_278' title='bbox 589 3244 712 3315; x_wconf 91' lang='lat' dir='ltr'>mulier,</span> <span class='ocrx_word' id='word_1_279' title='bbox 739 3243 795 3303; x_wconf 88' lang='lat' dir='ltr'>hoc</span> <span class='ocrx_word' id='word_1_280' title='bbox 827 3249 872 3303; x_wconf 90' lang='lat' dir='ltr'>est</span> <span class='ocrx_word' id='word_1_281' title='bbox 900 3243 979 3317; x_wconf 89' lang='lat' dir='ltr'>ideo,</span> <span class='ocrx_word' id='word_1_282' title='bbox 1011 3243 1082 3317; x_wconf 88' lang='lat' dir='ltr'>quia</span> 
     </span>
     <span class='ocr_line' id='line_1_35' title="bbox 61 3331 1079 3409; baseline -0.002 -19"><span class='ocrx_word' id='word_1_283' title='bbox 61 3333 214 3392; x_wconf 86' lang='lat' dir='ltr'>masculus</span> <span class='ocrx_word' id='word_1_284' title='bbox 242 3333 277 3391; x_wconf 93' lang='lat' dir='ltr'>de</span> <span class='ocrx_word' id='word_1_285' title='bbox 299 3335 380 3391; x_wconf 88' lang='lat' dir='ltr'>terra</span> <span class='ocrx_word' id='word_1_286' title='bbox 402 3333 549 3392; x_wconf 88' lang='lat' dir='ltr'>formatus</span> <span class='ocrx_word' id='word_1_287' title='bbox 574 3335 619 3391; x_wconf 91' lang='lat' dir='ltr'>est</span> <span class='ocrx_word' id='word_1_288' title='bbox 641 3337 670 3391; x_wconf 91' lang='lat' dir='ltr'>et</span> <span class='ocrx_word' id='word_1_289' title='bbox 693 3333 774 3409; x_wconf 90' lang='lat' dir='ltr'>quod</span> <span class='ocrx_word' id='word_1_290' title='bbox 797 3333 938 3392; x_wconf 89' lang='lat' dir='ltr'>maiorem</span> <span class='ocrx_word' id='word_1_291' title='bbox 960 3331 1079 3390; x_wconf 88' lang='lat' dir='ltr'>fortitu-</span> 
     </span>
     <span class='ocr_line' id='line_1_36' title="bbox 60 3421 1120 3497; baseline -0.005 -17"><span class='ocrx_word' id='word_1_292' title='bbox 60 3421 162 3480; x_wconf 87' lang='lat' dir='ltr'>dinem</span> <span class='ocrx_word' id='word_1_293' title='bbox 195 3425 225 3481; x_wconf 87' lang='lat' dir='ltr'>et</span> <span class='ocrx_word' id='word_1_294' title='bbox 256 3422 383 3481; x_wconf 85' lang='lat' dir='ltr'>calorem</span> <span class='ocrx_word' id='word_1_295' title='bbox 414 3421 503 3481; x_wconf 88' lang='lat' dir='ltr'>habet</span> <span class='ocrx_word' id='word_1_296' title='bbox 533 3425 564 3480; x_wconf 91' lang='grc'>61</span> <span class='ocrx_word' id='word_1_297' title='bbox 592 3422 662 3496; x_wconf 91' lang='lat' dir='ltr'>plus</span> <span class='ocrx_word' id='word_1_298' title='bbox 689 3422 803 3497; x_wconf 87' lang='lat' dir='ltr'>ubique</span> <span class='ocrx_word' id='word_1_299' title='bbox 825 3423 960 3480; x_wconf 89' lang='lat' dir='ltr'>versatur</span> <span class='ocrx_word' id='word_1_300' title='bbox 990 3438 1079 3494; x_wconf 89' lang='lat' dir='ltr'>quam</span> <span class='ocrx_word' id='word_1_301' title='bbox 1093 3430 1120 3474; x_wconf 86' lang='lat'>35</span> 
     </span>
     <span class='ocr_line' id='line_1_37' title="bbox 62 3508 1103 3586; baseline -0.007 -17"><span class='ocrx_word' id='word_1_302' title='bbox 62 3511 187 3583; x_wconf 90' lang='lat' dir='ltr'>mnlier;</span> <span class='ocrx_word' id='word_1_303' title='bbox 211 3510 458 3586; x_wconf 88' lang='lat' dir='ltr'>quemadmodum</span> <span class='ocrx_word' id='word_1_304' title='bbox 482 3515 564 3572; x_wconf 88' lang='lat' dir='ltr'>terra</span> <span class='ocrx_word' id='word_1_305' title='bbox 586 3511 683 3573; x_wconf 89' lang='lat' dir='ltr'>imbre</span> <span class='ocrx_word' id='word_1_306' title='bbox 707 3514 739 3574; x_wconf 88' lang='lat' dir='ltr'>et</span> <span class='ocrx_word' id='word_1_307' title='bbox 762 3512 864 3573; x_wconf 87' lang='lat' dir='ltr'>calore</span> <span class='ocrx_word' id='word_1_308' title='bbox 884 3508 1103 3584; x_wconf 73' lang='grc'><strong>661166611666</strong></span> 
     </span>
    </p>
   </div>
   <div class='ocr_carea' id='block_1_5' title="bbox 108 3611 991 3676">
    <p class='ocr_par' dir='ltr' id='par_1_8' title="bbox 108 3611 991 3676">
     <span class='ocr_line' id='line_1_38' title="bbox 108 3611 991 3676; baseline 0.027 -15"><span class='ocrx_word' id='word_1_309' title='bbox 108 3618 264 3672; x_wconf 70' lang='lat' dir='ltr'>fflldagardb</span> <span class='ocrx_word' id='word_1_310' title='bbox 276 3629 364 3665; x_wconf 82' lang='lat' dir='ltr'>causae</span> <span class='ocrx_word' id='word_1_311' title='bbox 378 3623 404 3666; x_wconf 88' lang='grc'>61</span> <span class='ocrx_word' id='word_1_312' title='bbox 419 3635 495 3671; x_wconf 86' lang='lat' dir='ltr'>curae</span> <span class='ocrx_word' id='word_1_313' title='bbox 509 3625 549 3675; x_wconf 86' lang='lat' dir='ltr'>ed.</span> <span class='ocrx_word' id='word_1_314' title='bbox 566 3627 692 3676; x_wconf 86' lang='lat' dir='ltr'>Kaisar.</span> <span class='ocrx_word' id='word_1_315' title='bbox 967 3611 991 3665; x_wconf 53' lang='lat'>‘5</span> 
     </span>
    </p>
   </div>
   <div class='ocr_carea' id='block_1_6' title="bbox 0 0 1234 3862">
    <p class='ocr_par' dir='ltr' id='par_1_9' title="bbox 0 0 1234 3862">
     <span class='ocr_line' id='line_1_39' title="bbox 0 0 1234 3862; baseline 0 0"><span class='ocrx_word' id='word_1_316' title='bbox 0 0 1234 3862; x_wconf 95' lang='lat' dir='ltr'> </span> 
     </span>
    </p>
   </div>
  </div>
 </body>
</html>
