2438 3854
126 144 188 204 188
510 133 756 192 manicemus

125 341 240 382 amaros
263 322 343 382 cibos
366 319 509 397 comedat,
531 339 568 380 ne
591 319 617 379 ei
640 319 782 380 iniustam
804 319 1011 398 digestionem
1033 325 1130 397 parent

124 411 175 471 sed
197 412 300 471 mollia
322 416 353 471 et
374 410 476 470 suavia
499 409 610 469 cibaria
630 408 751 469 interim
772 411 881 482 sumat,
912 410 1060 486 quatinus
1078 430 1130 470 ean

123 500 247 561 interim
270 503 381 576 sanent,
404 503 435 560 et
449 497 552 558 vinum
576 517 610 558 ac
632 498 802 559 cerevisiam
824 496 920 571 bibat,
944 501 1087 575 quatinus
1104 519 1130 559 ex

123 590 169 650 his
191 590 235 650 ita
257 590 449 664 confortetur,
471 590 507 647 ut
528 588 702 666 sangninem
724 588 850 648 retinere
872 589 984 664 possit

192 680 239 740 Dc
249 682 360 754 portua
375 678 557 752 difficaltate.
594 671 679 757 ¹)Sed
704 680 734 737 et
756 677 782 738 ei
804 695 978 754 praegnans
994 677 1132 738 molieris

123 770 214 844 partu
247 769 378 828 multum
401 767 529 842 laborat,
564 769 637 826 tnnc
672 784 739 825 cum
774 766 882 826 timore
922 769 1000 840 (et)
1038 784 1130 846 magno

123 858 321 917 moderamine
345 874 450 917 suaves
473 855 624 930 herbulae,
648 855 759 915 scilicet
781 855 950 915 feniculum
975 860 1009 917 et
1031 876 1133 918 eaerum

123 947 154 1004 in
177 966 255 1025 aqua
274 949 443 1023 coquantur
461 948 492 1004 et
507 963 642 1021 expressa
657 963 735 1020 aqua
748 944 792 1004 ita
806 944 920 1005 calidae
936 946 1022 1006 circa
1035 947 1134 1007 femora

123 1041 153 1095 et
176 1037 254 1096 circa
269 1037 390 1096 dorsum
405 1034 469 1093 eius
483 1037 635 1110 ponantur
657 1039 687 1092 et
709 1034 753 1092 ita
775 1033 903 1110 desuper
924 1054 1030 1111 panno
1051 1036 1133 1114 ligato

84 1139 111 1184 10
123 1127 254 1186 suaviter
269 1127 434 1198 teneantur,
457 1125 494 1182 ut
509 1123 593 1182 dolor
613 1127 643 1183 et
665 1125 797 1182 claustra
818 1123 901 1182 illius
916 1126 1008 1184 tanto
1027 1125 1133 1191 suavius

123 1217 154 1273 et
175 1215 293 1274 facilius
315 1214 479 1273 solvantur.
522 1210 599 1272 Nam
626 1212 698 1271 mali
719 1213 750 1271 et
771 1211 875 1289 frigidi
899 1212 1061 1291 humores,
1091 1213 1133 1291 qui

122 1303 153 1360 in
176 1303 286 1363 femina
307 1305 385 1375 eunt,
408 1321 472 1361 eam
494 1305 703 1379 praegnantem
719 1302 869 1360 interdum
885 1303 1134 1382 constringnntet

123 1393 278 1468 claudunt,
310 1391 361 1451 sed
390 1410 457 1451 cum
489 1390 587 1449 suavis
618 1391 697 1450 calor
724 1390 846 1450 feniculi
873 1393 905 1449 et
933 1393 1040 1454 suavis
1066 1392 1133 1453 calor

124 1483 198 1541 aseri
220 1483 252 1540 in
274 1481 420 1541 suavitate
443 1499 536 1556 aquae
559 1480 595 1538 ad
618 1479 718 1557 ignem
741 1480 909 1539 excitantur
932 1485 965 1541 et
985 1481 1034 1542 ita
1051 1482 1130 1543 femo-

82 1583 109 1627 15
122 1569 205 1631 ribus
227 1574 258 1630 et
280 1570 367 1630 dorso
390 1569 472 1628 illius
495 1569 773 1645 circumponuntur,
806 1569 949 1645 quoniam
978 1571 1014 1630 in
1037 1571 1130 1631 eisdem

122 1660 193 1719 locis
216 1661 284 1736 plns
307 1679 397 1736 quam
419 1658 540 1717 inaliis
562 1658 801 1718 constrictionem
827 1658 961 1734 patitur,
997 1660 1038 1720 ad
1063 1679 1131 1737 aper·

121 1750 234 1808 tionem
256 1749 357 1810 eadem
380 1745 512 1806 membra
532 1752 705 1823 provocant.

189 1839 236 1898 Dc
258 1839 370 1897 1011011
391 1841 417 1895 ct
439 1837 636 1896 emunctoriis
653 1836 841 1910 purqota'oac.
882 1827 911 1918 ²)
927 1835 973 1897 Ut
989 1841 1089 1898 autem
1101 1836 1129 1895 de

122 1927 215 1986 saliva
244 1931 274 1985 et
301 1926 338 1984 de
370 1925 551 1985 excreatione
581 1928 612 1984 et
642 1924 828 1984 emunctione
856 1923 947 1984 homo
982 1930 1127 2006 purgetur,

80 2015 248 2092 acaccipiet
271 2015 467 2092 agrimoniam
490 2018 520 2074 et
542 2015 588 2073 bis
610 2017 729 2073 tantum
757 2013 916 2090 fenigraeci
944 2019 978 2074 et
1007 2017 1039 2076 in
1065 2033 1127 2075 mor·

119 2104 196 2164 tario
218 2103 327 2163 tundat
350 2106 381 2162 et
402 2122 523 2163 succum
546 2122 646 2162 aarum
671 2103 817 2178 exprimat
838 2105 869 2161 et
890 2104 986 2163 etiam
1016 2105 1127 2168 storea

120 2194 222 2254 caulei
244 2193 353 2253 tundat
375 2196 405 2251 et
427 2211 548 2252 succum
576 2193 648 2267 eius,
676 2196 822 2268 quantum
850 2193 957 2252 obolus
982 2195 1126 2270 pondenc

120 2302 206 2343 succo
238 2282 419 2360 agrimoniae
451 2286 481 2340 et
510 2281 667 2359 fenigraeci
707 2280 806 2341 addat.
859 2281 978 2341 Deinde
1015 2283 1129 2359 accipiat

119 2376 237 2432 tantum
260 2372 295 2431 de
318 2372 452 2448 galanga,
477 2374 622 2445 quantum
645 2370 771 2429 istorum
798 2370 892 2429 trium
920 2371 997 2448 fuit,
1032 2375 1128 2433 11110

77 2463 210 2534 coracis,
246 2464 390 2537 quantum
420 2478 470 2518 sex
499 2461 613 2518 nummi
645 2459 825 2534 ponderant,
857 2463 887 2518 et
915 2461 1070 2538 polipodii
1098 2459 1128 2518 ad

118 2570 239 2627 pensem
267 2551 395 2609 duorum
423 2568 613 2608 nummorum
636 2551 667 2610 et
694 2548 765 2608 haec
786 2548 818 2607 in
840 2549 999 2622 pulverem
1023 2551 1129 2627 redigat

117 2659 151 2699 ao
173 2641 327 2717 pulverem
349 2640 441 2697 istum
463 2638 598 2712 praefato
622 2655 708 2696 succo
733 2638 818 2714 quasi
841 2639 1030 2715 coagulando
1061 2659 1128 2700 oom-

122 2731 234 2804 primat
265 2733 294 2787 et
325 2747 359 2786 ex
393 2747 426 2786 eo
457 2727 580 2802 pillulas
612 2727 650 2785 ad
680 2727 876 2801 quantitatem
911 2728 1001 2788 fabae
1035 2729 1125 2798 faciat

117 2824 220 2893 postea
243 2818 279 2876 de
302 2815 446 2876 celidonis
468 2816 578 2874 maiore
600 2833 720 2874 succum
744 2817 889 2890 exprimat
917 2822 948 2876 et
971 2817 1010 2877 ‹le
1033 2817 1128 2878 eodem

76 2915 218 2980 rosaceo,
242 2909 386 2981 quantum
411 2908 519 2981 quarta
541 2924 610 2980 pars
637 2905 752 2962 nummi
783 2910 901 2980 pensat,
930 2908 1076 2985 suscipiat
1099 2923 1128 2964 ac

118 2996 150 3053 in
172 2994 224 3053 illo
248 2994 386 3069 pillulam
410 3013 499 3052 unam
523 2993 779 3054 circumvolvendo
798 2994 928 3070 intingat
943 2999 974 3054 et
991 2997 1030 3056 ad
1045 2996 1128 3056 solem

117 3086 216 3160 ponat,
239 3086 276 3141 ut
298 3082 471 3148 exsiccetur.
513 3082 552 3141 Et
574 3083 615 3142 sic
638 3082 674 3141 de
697 3082 763 3141 aliis
785 3083 899 3158 pillulis
924 3084 1019 3145 faciat
1032 3104 1127 3145 unam·

118 3171 320 3250 quamquain
353 3171 454 3229 eodem
486 3189 580 3247 succo,
611 3175 756 3248 quantum
781 3175 888 3248 quarta
919 3192 990 3248 pars
1019 3173 1128 3234 nummi

116 3263 269 3339 ponderat,
292 3259 486 3335 intinguendo
510 3279 543 3319 ac
564 3261 608 3319 ita
631 3261 668 3319 ad
692 3261 819 3320 calorem
842 3261 911 3321 solis
928 3281 977 3322 eas
998 3266 1128 3341 exponat,

76 3361 104 3406 35
117 3371 176 3411 non
210 3353 309 3409 autem
341 3349 378 3406 ad
410 3348 511 3425 ignem
542 3349 693 3425 lignorum
724 3368 777 3408 neo
807 3350 844 3408 ad
872 3351 974 3428 ignem
997 3351 1127 3413 fornacis.

178 3467 345 3573 015ἶῖ1
365 3531 396 3560 =
412 3504 599 3580 1111111111
612 3500 754 3556 11-1111
769 3500 801 3549 a.
818 3497 1143 3565 -11111-11111

87 3600 125 3630 =
143 3580 252 3655 Migne
276 3583 352 3641 1110
374 3581 473 3640 1-0.
