2460 3862
348 116 492 175 CAUSAE
509 117 557 175 ΕΤ
576 119 699 175 CURAE
718 118 786 174 LIB.
806 120 827 175 Ι.
1062 124 1103 184 25

85 303 236 364 occidente
258 305 334 363 mari
349 323 484 381 quaeque
501 305 621 365 sordida
641 308 671 364 et
686 305 808 381 putrida
823 305 881 365 sibi
897 305 1054 367 attrahunt
1075 308 1105 364 et

85 394 160 452 illue
191 412 327 469 quaeque
358 393 499 454 oadavera
526 396 716 455 mortuorum
737 396 845 458 fluunt.
891 396 978 467 Quod
1001 394 1026 454 si
1049 414 1104 470 pro

86 483 189 559 aliqua
211 483 384 544 necessitate
407 487 437 543 et
459 485 582 559 penuria
610 484 736 543 aliarum
765 503 912 561 aquarum
934 485 1024 547 vitari
1045 503 1106 544 non

85 575 222 648 possunt,
245 572 317 648 quin
339 572 371 631 in
393 576 470 649 potu
491 576 655 646 sumantur,
678 577 751 634 tuno
773 574 915 650 primitus
930 578 1104 652 coquantur,

84 665 116 722 et
138 681 207 721 oum
230 660 334 720 deinde
356 662 547 740 infrigidatae
574 665 651 734 sunt,
674 663 824 725 bibantur.
870 664 928 723 Sed
946 683 1007 723 non
1029 664 1132 722 salsae

83 750 209 810 fiumina
240 753 270 810 et
298 751 430 812 viventes
464 771 497 820 ao
527 752 664 811 salientes
686 772 746 813 non
773 753 842 813 salsi
865 754 970 826 fontes,
998 753 1104 828 quiin

84 840 237 900 oeoidonte
260 840 399 900 oriuntur
422 845 453 900 et
475 842 511 901 ab
536 842 685 902 occidente
706 843 819 916 fluunt,
853 842 908 901 ubi
929 843 974 901 sol
998 841 1106 901 oooidit

83 933 115 989 et
137 929 245 1004 defioit,
270 930 408 990 candidas
431 932 461 989 et
484 931 592 1007 spissas
611 931 721 991 habent
743 949 834 1007 aquas
856 950 909 990 neo
933 931 1030 990 oalore
1051 948 1105 988 neo

82 1019 198 1096 frigore
220 1016 263 1076 ibi
287 1019 324 1077 ad
344 1020 513 1095 perfeetum
528 1021 688 1094 ducuntur,
709 1022 850 1097 quoniam
866 1021 947 1080 oalor
962 1022 992 1079 et
1007 1020 1105 1096 frigus

83 1108 127 1168 ibi
155 1109 187 1167 in
214 1108 350 1184 utrisque
379 1109 528 1170 defectum
555 1110 653 1172 habet.
698 1109 784 1169 Unde
807 1111 895 1168 etiam
919 1128 1012 1185 aquae
1034 1109 1104 1167 illae
1119 1121 1146 1166 10

85 1199 274 1274 aliquantum
304 1198 424 1258 inutiles
451 1202 522 1258 sunt
556 1198 594 1257 ad
625 1217 698 1260 usus
729 1198 894 1275 hominum,
922 1198 1035 1258 soilioet
1067 1198 1104 1256 ad

83 1292 203 1365 potum,
227 1288 264 1346 ad
288 1289 449 1348 lavandum
472 1290 502 1346 et
524 1289 562 1347 ad
585 1286 732 1364 balneum,
760 1289 832 1363 quia
854 1308 872 1347 a
894 1289 955 1348 sole
976 1305 1036 1346 non
1059 1305 1104 1346 eo-

84 1380 234 1452 quuntur.
280 1377 407 1447 Quodsi
429 1376 586 1437 necessitas
609 1378 767 1454 compellit,
790 1381 827 1437 ut
849 1396 985 1455 quaeque
1007 1394 1103 1435 neees-

83 1466 162 1525 saria
191 1484 260 1525 oum
287 1466 327 1525 eis
354 1469 507 1543 parentur,
540 1470 611 1526 tuno
637 1468 756 1527 fortiter
787 1467 856 1544 igne
880 1469 1046 1543 coquantur
1076 1468 1106 1524 et

84 1554 191 1614 deinde
214 1553 401 1629 aliquantum
427 1556 597 1631 infrigidari
619 1557 833 1632 permittantur
858 1557 896 1615 ad
917 1555 1146 1632 temperiem315

82 1643 137 1703 sed
171 1646 271 1703 tamen
294 1645 331 1703 ad
355 1645 454 1704 eibum
482 1646 670 1721 aliquantum
698 1646 803 1721 valent,
837 1645 919 1726 quod
947 1663 1015 1704 oum
1038 1644 1104 1704 oibo

84 1733 205 1793 fortiter
240 1737 419 1808 coquuntur.
466 1734 569 1810 Aquae
599 1739 718 1812 autem,
748 1754 825 1810 qnae
852 1737 944 1794 salsae
976 1736 1046 1793 sunt
1075 1736 1106 1792 et

83 1824 117 1881 in
141 1821 266 1881 australi
289 1823 378 1900 plaga
401 1823 536 1882 domari
567 1824 714 1900 oriuntur,
745 1825 807 1884 sive
839 1824 936 1883 fontes
963 1824 1024 1884 sive
1051 1823 1104 1882 flu·

84 1911 166 1970 mina
198 1910 266 1986 sint,
303 1911 494 1992 aliquantum
527 1912 609 1972 albae
639 1931 693 1972 neo
721 1916 820 1972 tamen
847 1915 978 1973 multum
1010 1931 1104 1989 purae

84 2003 157 2060 sunt
191 2004 221 2059 et
253 2018 308 2059 neo
339 2000 375 2060 ad
407 2001 507 2060 eibum
537 2020 589 2060 neo
620 2002 658 2061 ad
689 2005 795 2078 potum
822 2003 930 2078 valent,
962 2002 1105 2082 quoniam
1118 2011 1146 2058 no

84 2106 248 2150 venenosae
271 2090 337 2151 sint.
382 2089 459 2149 Nam
481 2091 568 2165 parvi
596 2094 625 2150 et
655 2092 838 2151 venosissirni
869 2110 983 2151 vermes
1015 2096 1105 2168 atque

85 2197 181 2254 parva
216 2178 372 2250 animalia,
414 2198 490 2256 quae
524 2180 710 2255 aliquantum
741 2198 887 2240 venenosa
913 2183 997 2253 sunt,
1032 2181 1105 2239 illue

84 2270 214 2344 propter
238 2267 329 2326 solem
354 2268 525 2345 defrigere
552 2268 676 2346 fugiunt
703 2272 733 2329 et
759 2274 884 2346 propter
912 2271 1040 2329 calorem
1062 2269 1105 2327 ibi

86 2356 215 2416 libenter
248 2354 384 2416 habitant
416 2361 446 2417 et
475 2357 506 2416 in
533 2377 610 2434 aqua
640 2376 671 2417 se
702 2360 805 2419 lavant
837 2362 868 2418 et
893 2354 926 2418 in
949 2377 1026 2433 aqua
1052 2358 1105 2415 illa

84 2447 191 2522 iaoent,
216 2444 295 2522 quod
317 2450 455 2505 naturam
478 2446 547 2506 salis
561 2446 673 2506 habent
694 2450 724 2507 et
747 2448 873 2507 oalorem
896 2448 960 2522 pati
982 2448 1105 2528 possunt
1118 2459 1146 2504 25

85 2539 117 2595 et
138 2535 258 2593 nullum
283 2535 388 2613 frigus.
434 2535 492 2594 Sed
525 2555 618 2612 aquae
645 2537 803 2596 fluminum
831 2538 860 2595 et
883 2535 1047 2595 viventium
1076 2537 1105 2594 et

84 2624 256 2684 salientium
291 2625 428 2698 fontium,
461 2625 515 2700 qui
545 2644 649 2702 sapore
680 2626 749 2685 salis
782 2627 911 2684 carentes
940 2625 971 2683 in
1004 2627 1103 2683 austro

86 2714 229 2774 oriuntur
260 2715 289 2771 et
322 2714 365 2772 ibi
395 2715 427 2774 in
454 2715 572 2775 fervore
600 2714 712 2787 ardent,
745 2714 770 2773 si
797 2714 956 2790 separatim
979 2713 1014 2772 ab
1039 2713 1104 2773 aliis

84 2802 172 2879 aquis
195 2802 359 2862 disiunctae
386 2804 520 2880 fluerent,
554 2803 675 2863 difficile
703 2824 721 2863 a
743 2805 859 2863 fervore
886 2803 964 2881 ignis
985 2803 1033 2862 sui
1056 2822 1102 2862 ex·

84 2893 308 2969 tinguerentur,
326 2893 466 2968 qnoniam
482 2894 519 2953 ab
536 2893 781 2971 extinguibilibus
795 2893 916 2969 ignibus
928 2895 1024 2952 tantae
1035 2894 1106 2951 sunt
1119 2902 1147 2948 eo

85 2984 117 3040 et
136 2980 174 3040 ab
191 2981 232 3040 eis
250 2985 364 3044 exeunt.
394 2983 434 3042 Et
449 2981 487 3041 ad
502 2982 601 3040 eibum
617 2984 647 3041 et
661 2981 699 3040 ad
714 2983 787 3041 alias
803 2982 944 3057 quasdam
959 2982 1104 3040 utilitates

83 3071 130 3130 ita
152 3071 299 3130 ferventes
314 3071 454 3146 valerent,
472 3071 543 3147 quia
557 3071 627 3149 igne
642 3072 804 3148 exquisitae
819 3075 850 3130 et
869 3075 1004 3130 exoootae
1027 3073 1105 3133 sunt.

83 3158 143 3219 Sed
168 3162 329 3235 postquam
353 3159 390 3218 ad
412 3158 524 3235 frigida
546 3161 669 3219 flumina
695 3161 883 3236 pervenerint
911 3165 941 3219 et
970 3160 1011 3218 eis
1039 3177 1104 3217 oon-

83 3249 205 3307 iunetae
221 3248 342 3325 fuerint,
366 3248 410 3307 ita
425 3248 507 3326 quod
522 3249 611 3308 simul
628 3250 735 3326 fluunt,
759 3254 832 3309 tuno
854 3249 941 3308 faoile
963 3249 995 3306 in
1016 3245 1104 3304 undis

84 3338 253 3397 excitantur
287 3340 317 3396 et
346 3338 433 3397 faoile
463 3356 583 3413 spumas
614 3339 726 3398 eioiunt
758 3341 788 3398 et
816 3339 901 3414 quasi
930 3339 1103 3413 argenteum
1117 3347 1145 3392 35

84 3428 214 3487 oalorem
245 3426 363 3489 hebent.
407 3427 509 3503 Atque
540 3428 578 3487 ad
609 3428 709 3487 eibum
741 3431 771 3487 et
801 3428 839 3487 ad
873 3429 981 3503 potum
1006 3427 1039 3484 et
1065 3425 1109 3481 nd

84 3516 190 3577 balneo
218 3535 252 3576 ao
274 3515 311 3576 ad
333 3516 491 3578 lavandum
521 3517 611 3582 utiles
635 3523 718 3598 sunt,
747 3519 836 3600 quod
863 3517 902 3580 ab
922 3512 1134 3576 immunditia
