2460 3862
336 138 477 195 CAUSAE
496 140 542 194 ΕΤ
561 139 680 194 cuuis
699 139 765 195 LIB.
785 141 820 194 ll.
1044 144 1086 204 91

69 324 156 383 00101
178 341 283 384 succus
305 343 462 399 pomorum
485 327 542 400 est,
568 323 631 383 sine
659 324 741 382 arido
770 323 834 383 cibo
861 324 945 399 panis
973 323 1089 398 saepius

67 416 219 473 comestus
255 413 388 473 dolorem
422 413 525 489 capitis
559 412 673 473 homiui
708 413 859 472 interdum
895 413 999 485 infert,
1037 414 1089 488 qui

66 505 168 561 tamen
196 503 256 562 cito
283 502 416 578 sedatur,
447 503 588 579 quoniam
620 501 655 560 de
686 502 746 560 leni
773 519 860 561 succo
882 502 987 565 oritur.
1033 501 1090 560 Sed

68 597 100 652 et
122 592 230 668 flegma
251 592 282 650 in
298 592 416 651 homine
431 591 604 651 multotiens
626 590 867 667 superhabundat
888 591 975 650 etita
991 609 1088 650 exsur-

69 682 120 758 git
152 684 183 740 et
214 680 251 739 ad
283 684 373 756 caput
395 681 477 740 illius
508 680 605 739 tendit
627 684 656 739 01
687 698 775 740 venas
804 682 981 756 temporum,
1012 688 1116 755 quae5

66 772 199 828 frontem
219 771 397 846 confortant,
421 770 553 829 concutit
575 773 606 828 et
628 770 670 828 sic
692 769 820 829 frontem
842 768 942 828 dolere
964 769 1045 829 tacit.

137 859 182 918 De
203 859 355 934 omipiue.
401 857 477 917 (lum
500 859 589 918 etiam
611 858 700 918 homo
725 858 835 934 absque
862 858 1086 934 magistratione

67 947 220 1007 doctrinae
251 948 437 1023 superiorum
470 951 500 1007 et
527 948 589 1007 sine
611 948 674 1006 ulla
697 947 869 1007 necessitate
898 965 952 1022 per
984 947 1089 1005 voluu-

66 1040 162 1096 tatem
184 1055 267 1096 suam
290 1038 428 1112 plurimis
449 1041 480 1096 et
507 1037 630 1096 diversis
658 1036 889 1113 cogitationibus
917 1037 1089 1112 frequenter

68 1129 241 1201 occupatur,
263 1125 319 1186 iste
341 1126 516 1186 humoribus
538 1129 653 1185 rectum
675 1126 733 1185 iter
753 1125 859 1199 aufert,
883 1125 926 1184 ita
941 1126 1022 1200 quod
1038 1125 1088 1183 ille
1104 1133 1130 1176 10

66 1215 219 1274 interdum
251 1233 402 1292 praeceps,
434 1214 584 1274 interdum
610 1213 714 1274 tardus
741 1215 852 1298 absque
879 1217 959 1273 recto
988 1213 1089 1273 ordine

68 1323 125 1364 suo
161 1307 255 1380 (est),
286 1307 316 1363 et
344 1305 411 1364 ideo
439 1308 530 1380 caput
556 1304 687 1363 eiusdem
709 1304 836 1364 hominis
859 1304 890 1362 in
912 1303 1090 1381 vertiginem

66 1393 206 1466 vertitur,
229 1395 272 1452 ita
294 1393 376 1469 quod
397 1394 519 1453 scientia
542 1397 573 1452 et
595 1411 696 1452 sensus
717 1393 800 1452 illius
823 1395 966 1452 evacuant
1004 1439 1012 1453 .

137 1482 182 1541 Dc
204 1484 343 1543 00000110.
389 1483 428 1541 ut
456 1501 522 1542 cum
555 1483 723 1558 praedictae
749 1485 845 1558 pestes
871 1482 961 1540 simul
988 1499 1088 1540 omnes

67 1571 272 1643 convenerint,
304 1572 347 1630 ita
379 1571 458 1647 quod
487 1572 518 1630 iu
551 1572 645 1648 capite
680 1571 807 1631 bominis
839 1571 929 1630 simul
961 1570 1087 1642 furiunt,
1103 1579 1129 1622 15

67 1660 218 1719 hominem
240 1660 326 1718 illum
348 1661 381 1718 in
404 1661 562 1720 amentiam
585 1662 699 1720 ducunt
720 1662 751 1719 et
773 1662 912 1720 evertunt
926 1663 957 1719 et
971 1660 1087 1718 inanem

66 1751 166 1808 rectae
188 1749 325 1810 scientiae
347 1749 473 1825 faciunt,
501 1750 586 1810 velut
613 1769 678 1809 eum
703 1750 785 1809 naris
807 1770 825 1808 a
846 1749 983 1825 procellis
1006 1753 1089 1808 mota
1113 1763 1115 1768 ·

66 1837 279 1915 confringitur.
303 1837 389 1897 Unde
401 1839 490 1897 multi
502 1841 611 1916 putant
625 1840 725 1916 ipsum
736 1859 753 1896 a
765 1840 906 1898 daemone
920 1857 1088 1914 possessum

65 1945 145 1999 esse;
168 1927 248 2001 quod
269 1946 328 1987 000
350 1931 407 2000 001;
435 1928 486 1987 001
509 1929 663 1987 daemones
685 1928 755 1987 huie
777 1929 854 2004 pesti
877 1931 907 1987 et
922 1927 1018 1987 dolori
1042 1947 1089 1987 ao·

66 2020 196 2077 currunt
218 2020 249 2075 01
271 2016 392 2077 iusidias
415 2021 539 2093 ponunt,
562 2017 723 2076 secundum
744 2017 824 2093 quod
845 2017 944 2077 officia
957 2018 1088 2076 insaniae
1101 2023 1129 2068 20

65 2124 172 2165 eorum
195 2108 277 2179 sunt;
307 2109 337 2165 et
363 2109 462 2165 tamen
485 2106 697 2182 proprietatem
720 2106 879 2166 verborum
901 2125 1023 2166 suorum
1045 2105 1088 2164 ibi

65 2214 128 2253 non
149 2194 275 2266 babent,
304 2195 445 2271 quoniam
467 2195 556 2255 homo
580 2195 630 2254 1110
654 2214 671 2253 0
693 2194 835 2254 daemone
856 2213 1006 2272 possessus
1029 2214 1087 2253 non

66 2287 120 2343 001.
165 2282 241 2342 Nam
263 2285 289 2344 si
306 2284 428 2344 daemon
443 2285 657 2361 proprietatem
672 2284 830 2344 verborum
846 2303 969 2343 suorum
987 2284 1087 2342 diviua

65 2373 259 2450 permissione
287 2373 318 2431 in
341 2373 441 2449 aliquo
472 2374 591 2433 homine
613 2373 760 2449 habuerit,
788 2374 884 2448 spolia
911 2391 964 2432 sua
990 2372 1087 2432 verbis

65 2469 98 2522 et
113 2462 200 2521 furiis
214 2461 257 2520 ibi
271 2462 303 2520 in
319 2463 384 2522 loco
400 2463 523 2539 spiritus
538 2463 708 2522 sanctitum
725 2463 777 2521 diu
791 2465 913 2537 exercet,
929 2480 1086 2538 quousque
1100 2469 1127 2513 25

65 2552 139 2611 deus
162 2551 249 2610 illum
272 2551 401 2627 expellit,
429 2551 679 2627 quemadmodum
707 2552 743 2610 de
771 2551 850 2611 caelo
874 2570 942 2610 eum
964 2551 1086 2627 expulit.

133 2641 182 2701 Dc
205 2641 328 2700 0000100.
374 2639 534 2699 Cerebrum
557 2640 680 2700 abonis
704 2645 733 2699 et
757 2661 774 2698 a
796 2640 882 2698 malis
902 2638 1086 2709 humoribus,

66 2729 174 2806 quiin
203 2729 322 2788 homine
343 2732 422 2805 suut,
449 2730 597 2807 tangitur3
630 2747 665 2788 00
694 2728 760 2788 1100
792 2748 905 2804 semper
935 2729 1026 2788 molle
1057 2733 1088 2789 01

65 2818 225 2877 humidum
252 2822 306 2882 est.
351 2818 437 2890 Quod
466 2819 493 2878 si
523 2820 600 2878 forte
629 2819 788 2894 aliquando
816 2819 990 2891 exsiccatur,
1018 2838 1087 2879 mox

66 2909 98 2966 in
129 2907 331 2966 infirmitatem
362 2907 490 2967 ducitur.
533 2907 636 2983 Ipsum
660 2909 737 2967 enim
759 2908 845 2968 valde
875 2908 1034 2968 humidum
1057 2912 1087 2968 et
1100 2919 1127 2964 30

66 2997 180 3073 pingue
216 2997 395 3056 naturaliter
432 3000 476 3057 est
512 3016 546 3056 ac
579 2997 667 3056 etiam
705 2999 748 3056 est
784 2998 909 3056 materia
940 2999 1085 3071 scientiae,

68 3085 232 3161 sapientiae
264 3090 295 3146 et
326 3085 492 3146 intellectus
521 3086 661 3158 hominis,
693 3090 729 3146 ut
758 3086 831 3146 haec
863 3087 1024 3146 emittendo
1056 3092 1086 3145 01

67 3174 244 3234 retrahendo
273 3175 433 3248 contiueat3
469 3175 521 3237 sed
553 3178 583 3234 et
611 3175 690 3235 vires
724 3176 939 3254 cogitationum
970 3175 1086 3234 retinet.

69 3263 272 3341 Cogitationes
294 3267 394 3324 autem
417 3282 483 3323 cum
507 3264 538 3324 in
562 3264 649 3323 corde
679 3264 793 3339 sedent,
824 3269 878 3325 aut
907 3264 1084 3323 suavitatem

67 3356 121 3412 aut
146 3353 372 3412 amaritudinem
394 3353 517 3426 habeut;
548 3353 677 3413 suavitas
700 3373 770 3414 vero
799 3353 951 3413 cerebrum
977 3351 1082 3427 impin·
1098 3361 1125 3406 33

68 3444 145 3520 guat
173 3444 204 3501 et
238 3442 404 3502 amaritudo
437 3461 505 3501 eum
540 3446 672 3505 evacuat.
715 3443 755 3501 ut
790 3442 943 3502 cerebrum
978 3441 1086 3499 itinera

70 3532 160 3591 habet
193 3534 245 3590 ut·
261 3531 419 3590 1000οτ1000
454 3532 615 3612 foramina,
651 3527 710 3596 ubi
742 3533 850 3595 tumus
884 3530 1048 3603 educitur,
1074 3531 1112 3584 et
