2460 3862
127 133 189 192 174
512 124 761 181 Hlnnnesnnls

125 312 228 371 horam
252 311 283 369 in
306 329 355 369 ore
378 327 432 369 suo
456 313 562 382 teneat,
586 310 698 370 scilicet
717 313 753 370 ut
768 310 854 384 livor,
879 310 932 387 qui
947 310 1026 370 circa
1041 310 1135 370 dentes

125 418 195 460 suos
219 403 272 471 est,
296 401 480 472 emollescat3
501 402 532 458 et
554 399 595 457 sic
617 400 683 475 ipsa
704 418 790 476 aqua,
815 418 905 475 quam
928 399 959 458 in
983 417 1034 459 ore
1056 402 1137 471 tenet

126 490 229 549 dentes
256 490 348 564 lavet,
387 491 417 548 et
442 488 499 547 hoc
522 507 607 563 saepe
629 488 731 564 faciat,
765 492 796 548 et
824 489 902 549 livor
934 489 1012 548 circa
1045 489 1137 547 dentes

128 579 256 654 amplius
278 597 336 637 non
360 581 477 653 crescet,
500 577 552 636 sed
574 578 637 636 sani
659 578 884 652 permanebunt.

91 683 113 733 ,s
194 669 242 726 Dc
273 668 422 729 vermibus
453 669 488 726 in
518 667 665 729 dentibus.
710 666 741 726 Si
773 670 874 725 autem
905 667 1016 726 vermis
1043 666 1136 726 dentes

125 757 251 816 hominis
276 757 414 832 corrodit,
437 756 488 814 ille
511 756 574 814 aloe
598 760 629 814 et
650 775 782 832 myrram
805 756 923 833 aequali
945 754 1079 831 pendere
1101 772 1137 814 ac·

125 847 216 923 cipiat
236 850 266 906 et
288 866 322 905 ea
343 848 375 904 in
397 850 491 905 testeo
513 863 582 905 vase
605 848 704 904 artum
727 845 860 904 foramen
880 845 912 903 in
928 845 1006 904 collo
1021 844 1138 904 habente

125 954 214 1011 super
247 936 331 995 vivos
365 935 505 994 carbones
536 934 573 992 de
603 935 673 1012 fago
705 934 799 994 factos
823 934 923 1010 posito
945 934 1087 993 incendat
1111 950 1138 992 ac

124 1025 241 1084 fumum
268 1026 355 1084 illum
386 1043 439 1100 per
471 1026 628 1099 angustam
657 1024 854 1082 harundinem
885 1023 923 1082 ad
955 1022 1084 1095 dentem,
1112 1022 1137 1080 in

86 1130 113 1174 10
128 1134 187 1191 quc
216 1114 305 1189 dolet,
337 1113 461 1172 transire
491 1112 647 1188 permittat
674 1112 761 1172 labiis
784 1112 902 1189 apertis,
934 1112 986 1171 sed
1010 1111 1139 1172 dentibus

128 1204 306 1279 compressis,
345 1222 381 1261 ne
414 1220 504 1277 supra
538 1201 661 1259 modum
688 1200 767 1261 idem
789 1203 890 1260 fumus
913 1204 1024 1278 guttur
1047 1202 1136 1271 intret

126 1297 157 1352 et
187 1293 243 1352 hoc
275 1296 329 1351 aut
356 1291 401 1350 bis
424 1291 472 1352 vel
494 1294 541 1350 ter
564 1291 595 1349 in
619 1291 667 1349 dic
688 1291 779 1350 faciat
801 1295 831 1350 et
853 1309 907 1367 per
929 1291 1064 1367 quinque
1085 1291 1138 1349 dies

125 1383 166 1441 sic
190 1382 288 1456 faciat,
312 1385 342 1440 et
365 1380 530 1442 curabitur.
580 1379 655 1439 Oum
679 1381 756 1439 enim
782 1381 863 1439 calor
893 1379 976 1438 aleae
1003 1383 1035 1439 et
1069 1379 1138 1439 calor

125 1490 243 1547 myrrae
275 1489 344 1529 cum
367 1489 462 1546 aequo
492 1469 589 1527 calore
613 1473 643 1528 et
664 1468 829 1546 frigiditate
852 1469 1019 1547 ignitorum
1043 1469 1137 1528 carbo·

85 1576 113 1620 15
125 1580 198 1619 num
232 1561 413 1631 excitantur,
445 1557 591 1618 fortitudo
623 1558 700 1617 fumi
731 1577 834 1617 eorum
863 1576 980 1618 vermes
1012 1557 1137 1618 dentium

125 1650 280 1727 extinguit.

192 1740 238 1797 Dc
259 1740 359 1800 nediu.
405 1734 491 1807 Quod
515 1737 540 1793 si
562 1735 642 1794 idem
665 1737 767 1795 fumus
787 1739 896 1813 guttur
918 1735 1064 1813 tetigerit,
1087 1735 1136 1795 for·

126 1827 227 1886 titudo
252 1828 315 1886 eius
338 1829 446 1904 guttur
469 1829 499 1884 et
520 1819 604 1886 bena
627 1844 755 1885 arescere
778 1825 859 1887 facit.

193 1917 239 1975 Dc
262 1916 360 1975 cerdis
382 1913 491 1977 dolore.
532 1910 556 1993 l)
566 1913 597 1973 Si
620 1915 692 1972 mali
714 1915 852 1974 humores
875 1915 906 1973 in
930 1913 1093 1974 visceribus
1112 1913 1137 1970 et

79 2006 158 2063 ¹acin
190 2005 289 2080 splene
320 2005 449 2063 hominis
487 2003 815 2081 superhabundaverint
846 2006 876 2063 et
914 2003 999 2062 cordi
1036 1996 1137 2062 multas

128 2095 276 2168 passiones
299 2113 352 2169 per
374 2095 578 2153 melancoliam
601 2093 765 2167 intulerint,
789 2094 840 2151 ille
863 2093 1008 2170 galangae
1032 2096 1063 2153 et
1084 2093 1138 2151 ber-

127 2188 258 2243 tramum
281 2184 398 2259 aequali
421 2183 550 2259 pondere
569 2183 694 2257 accipiat
715 2185 746 2240 et
768 2182 870 2240 album
892 2182 980 2258 piper
1003 2181 1041 2240 ad
1057 2198 1138 2258 quar·

125 2276 188 2331 tam
211 2276 326 2349 partem
349 2273 438 2331 unius
462 2274 596 2344 istorum,
620 2272 668 2330 vel
691 2271 716 2330 si
740 2269 842 2329 album
863 2271 950 2347 piper
972 2289 1033 2329 non
1056 2269 1139 2330 habu·

126 2362 191 2437 erit,
230 2362 356 2438 accipiat
385 2359 578 2435 perfrccrntb
614 2363 719 2437 quater
753 2363 882 2435 tantum,
911 2362 1061 2435 quantum
1089 2355 1140 2418 albi

85 2466 112 2510 25
125 2452 236 2527 piperis
259 2456 312 2528 est,
337 2452 367 2510 ct
388 2451 461 2511 haec
483 2452 514 2509 in
537 2450 692 2526 pulverem
714 2448 840 2526 redigat.
877 2448 994 2508 Deinde
1022 2449 1140 2507 farinam

125 2541 209 2600 fabae
231 2542 320 2601 tollat
343 2545 373 2599 et
401 2542 427 2599 ei
451 2540 637 2616 praedictum
660 2538 815 2614 pulverem
838 2537 941 2608 addat,
966 2541 1059 2613 atque
1078 2537 1140 2596 haec

40 2694 43 2699 ,
126 2631 223 2690 omnia
246 2631 336 2690 simul
360 2649 427 2688 cum
450 2648 536 2689 succo
560 2629 731 2704 fenugraeci
754 2625 865 2704 absque
890 2646 969 2702 aqua
992 2631 1023 2686 et
1037 2628 1140 2703 absque

124 2720 194 2779 vinc
229 2722 258 2778 et
292 2720 401 2795 absque
429 2719 487 2777 alio
519 2718 635 2794 liquore
670 2716 864 2776 commisceat.
911 2715 978 2786 Quo
1006 2716 1087 2776 facte
1112 2730 1141 2772 ex

97 2835 99 2838 >
126 2809 262 2867 omnibus
284 2809 330 2867 his
353 2808 487 2868 tortellos
510 2809 596 2884 paret
610 2808 640 2866 et
656 2824 704 2864 ecs
720 2805 757 2864 ad
776 2805 903 2864 calorem
917 2805 990 2864 solis
1006 2805 1141 2872 exsiccet;

85 2912 113 2956 sc
126 2897 205 2956 unde
228 2898 259 2955 in
282 2900 400 2973 aestate,
425 2898 497 2957 dum
519 2896 611 2955 solem
630 2894 739 2954 habere
754 2897 860 2970 potest,
885 2912 934 2953 eos
949 2894 1050 2970 faciat,
1074 2911 1141 2972 qua·

126 2986 207 3045 tinus
230 2986 261 3044 in
289 2986 387 3046 hieme
415 3005 462 3046 eos
484 2985 600 3048 habeat.
647 2983 758 3043 Deinde
783 2984 899 3043 eosdem
921 2982 1061 3043 tortellos
1087 2987 1142 3042 nm

126 3094 252 3151 pransus
283 3096 373 3152 quam
405 3077 521 3135 ieiunus
551 3074 693 3134 comedat.
739 3071 814 3131 Nam
846 3072 928 3131 calor
950 3073 1096 3151 galangae
1116 3073 1143 3129 et

127 3166 207 3225 calor
230 3167 371 3226 bertrami
393 3170 424 3224 et
447 3165 527 3224 calor
550 3165 611 3223 albi
633 3162 744 3239 piperis
767 3181 821 3221 sen
843 3162 923 3221 calor
940 3162 1096 3235 pcfcrcrut
1115 3162 1143 3220 et

127 3257 206 3315 calor
240 3255 325 3314 fabae
359 3274 427 3314 cum
460 3254 626 3332 frigiditate
661 3252 831 3329 fenugraeci
858 3252 1018 3326 temperati
1051 3255 1083 3311 et
1110 3248 1143 3308 ad

83 3359 111 3403 35
128 3364 233 3404 sanum
256 3346 384 3404 calorem
407 3344 476 3403 solis
498 3343 598 3418 positi,
632 3345 668 3400 ut
701 3341 889 3416 praedictum
924 3344 978 3412 est,
1013 3340 1143 3400 dolorem

200 3534 223 3604 ¹)
244 3553 267 3590 v.
289 3535 494 3606 19-p.175‚4
516 3555 546 3582 =
567 3533 663 3603 nigla
685 3530 954 3586 11340-1135n.
