2460 3862
350 121 494 178 CAUSAE
513 122 560 177 ΕΤ
578 121 701 178 ΟΠΒΑΕ
719 122 788 178 LIB.
808 123 844 181 H.
897 151 908 171 ·
1064 128 1105 188 73

83 327 145 368 sua
161 325 191 367 se
206 307 363 378 continent,
386 306 437 365 sed
460 306 491 365 in
514 307 556 367 eis
578 309 624 366 est
645 311 808 383 temperata
823 307 991 384 prudentia,
1014 327 1105 383 quam

82 397 216 457 feminea
238 414 286 456 ars
311 396 414 471 habet,
448 415 524 471 quae
546 397 655 455 bonam
682 397 893 456 continentiam
920 417 955 456 ex
977 397 1105 455 feminea

82 489 198 546 natura
213 484 370 560 contrahit,
387 489 417 544 et
432 484 523 544 etiam
536 485 759 562 intelligibilem
781 486 968 546 intellectum
987 485 1104 546 habent.

83 575 146 635 Sed
169 575 222 651 qui
245 574 281 633 de
303 574 350 634 his
373 577 547 650 nascuntur,
576 576 757 634 continentes
781 578 812 633 et
834 576 934 634 felices
957 593 991 634 ac
1012 575 1103 634 utiles

83 667 117 724 et
141 663 227 741 probi
249 665 281 723 in
303 663 440 723 omnibus
464 664 604 739 operibus
626 668 697 723 sunt
719 667 750 723 et
765 664 828 723 sine
843 664 957 724 invidia
972 667 1132 736 manent‚5
1191 719 1195 726 .

86 753 171 830 quod
193 756 299 812 ventus
322 756 353 812 et
374 753 452 829 ignis
475 753 506 811 in
528 753 691 813 femoribus
714 756 874 829 parentum
897 771 1001 812 eorum
1024 757 1102 812 recte

83 844 167 920 ipsos
197 843 386 918 temperavit;
417 842 558 918 quoniam
584 843 662 919 ignis
690 842 855 902 excedendo
888 845 1014 902 ventum
1043 862 1103 902 non

85 932 249 1008 superavit,
271 932 322 990 sed
344 934 450 991 vontus
472 931 573 1008 ignem
595 934 779 1008 temperavit.
825 932 864 990 nt
888 932 942 1007 qui
964 931 1007 991 sic
1029 951 1099 1007 pro-

86 1021 211 1092 cedunt,
238 1021 328 1079 utiles
355 1023 455 1091 erunt3
487 1019 630 1096 praedicti
662 1025 762 1080 autem
783 1021 917 1095 masculi,
940 1021 966 1079 si
989 1020 1101 1097 absque

86 1110 266 1169 mulieribus
279 1113 360 1186 sunt,
383 1109 537 1187 ingloriosi
551 1113 671 1169 manent
685 1113 771 1171 velut
786 1111 857 1181 dies,
882 1110 935 1186 qui
957 1109 1018 1168 sine
1041 1110 1102 1168 solo
1117 1116 1144 1160 1⁰

87 1203 142 1262 est.
188 1198 245 1258 Sed
267 1202 304 1257 ut
327 1217 395 1258 eum
424 1197 471 1257 die
494 1201 524 1258 et
546 1219 599 1276 por
622 1199 701 1258 diem
723 1201 785 1259 sine
809 1200 870 1258 sole
893 1200 1011 1257 fructus
1034 1217 1103 1258 con·

86 1289 232 1365 tinentur,
253 1307 290 1347 ne
313 1291 454 1359 arescant,
478 1288 520 1347 sic
542 1288 594 1347 isti
617 1290 729 1366 absque
751 1288 930 1347 mulieribus
953 1291 1104 1346 manentes

87 1377 205 1438 modice
217 1379 383 1453 temperato
394 1381 496 1436 tenore
508 1378 710 1451 continentur;
727 1397 795 1437 oum
810 1377 987 1437 mulieribus
1004 1380 1104 1440 autem

86 1467 211 1527 iocundi
241 1471 324 1541 sunt,
357 1468 441 1525 velut
468 1466 530 1526 dies
563 1486 632 1527 cum
659 1468 721 1527 sole
749 1468 846 1526 clarus
874 1469 926 1526 est.
971 1467 1011 1524 Et
1033 1466 1105 1541 quia

86 1558 119 1616 in
143 1556 219 1631 visu,
242 1556 274 1614 in
297 1555 400 1615 andito
425 1559 455 1615 et
473 1555 505 1614 in
521 1557 751 1634 cogitationibus
768 1575 873 1615 suaves
888 1558 966 1627 sunt,
989 1556 1107 1631 saepius
1120 1561 1148 1606 15

90 1665 183 1722 quam
206 1645 257 1703 alii
279 1663 422 1721 aquosam
445 1663 582 1721 spumam
604 1650 635 1704 ot
656 1666 715 1705 non
731 1649 844 1706 coctam
860 1646 896 1704 de
911 1663 941 1704 se
957 1644 1108 1719 emittunt,

91 1734 175 1811 quod
198 1738 228 1794 et
250 1734 401 1811 vigilando
424 1737 455 1793 et
477 1735 650 1795 dormiendo
674 1735 716 1795 eis
739 1734 893 1811 contingit.
940 1735 1042 1810 Atque
1065 1734 1106 1791 fa-

89 1824 177 1884 cilius
208 1843 299 1899 quam
327 1822 449 1898 quidam
481 1824 532 1881 alii
562 1842 615 1883 seu
646 1843 714 1883 cum
743 1827 836 1884 semet
862 1823 935 1899 ipsis
963 1841 1108 1884 seucum

89 1913 157 1972 aliis
179 1913 268 1972 rebus
290 1932 308 1970 a
331 1913 427 1972 calore
449 1912 581 1972 libidinis
604 1914 772 1975 solvuntur.

158 2003 206 2061 Dc
227 2001 435 2062 melancoliae.
481 2002 544 2060 Alii
567 2006 666 2061 autem
689 2003 747 2061 viri
769 2004 847 2073 sunt,
879 2020 1009 2079 quorum
1032 2019 1107 2060 cere·
1120 2006 1148 2052 2⁰

89 2090 179 2150 brum
193 2091 305 2168 pingue
321 2093 373 2165 est,
397 2093 428 2149 et
441 2091 582 2166 pellicula
598 2092 729 2150 eiusdem
751 2090 863 2151 cerebri
886 2093 917 2150 et
938 2109 1028 2151 venae
1044 2091 1108 2149 eius

89 2179 238 2252 turbidae,
271 2182 361 2256 atque
384 2189 535 2239 austerum
559 2181 686 2240 colorem
710 2181 797 2242 faciei
819 2180 937 2246 habent.
960 2179 1003 2238 ita
1027 2178 1108 2255 quod

90 2270 182 2329 etiam
214 2269 295 2329 oculi
321 2288 424 2328 eorum
451 2269 640 2345 aliquantum
666 2271 747 2345 ignei
775 2273 805 2328 et
832 2269 945 2345 viperei
967 2271 1046 2339 sunt,
1078 2270 1108 2326 et

90 2358 182 2417 duras
212 2362 242 2418 et
272 2359 364 2418 fortes
393 2376 480 2418 venas
514 2358 636 2431 habent,
668 2378 745 2435 quae
771 2359 893 2436 nigrum
921 2361 951 2416 et
980 2357 1105 2433 spissum

89 2447 265 2524 sanguinem
294 2448 326 2506 in
357 2466 387 2506 se
423 2447 584 2523 continent,
617 2451 648 2506 et
679 2466 797 2525 grossas
827 2451 858 2506 et
885 2448 975 2506 duras
1007 2463 1106 2505 carnes
1120 2453 1147 2498 25

88 2537 200 2596 habent
230 2540 321 2613 atque
352 2555 455 2613 grossa
485 2555 561 2611 ossa,
595 2556 670 2613 quae
700 2536 848 2596 modicam
883 2534 1044 2594 medullam
1076 2535 1107 2592 in

90 2644 121 2685 se
155 2628 269 2697 tenent,
301 2645 377 2701 quae
408 2629 508 2684 tamen
544 2628 606 2684 11111
638 2627 758 2685 fortiter
792 2624 889 2700 ardet,
925 2624 1006 2700 quod
1040 2641 1107 2682 cum

89 2715 268 2774 mulieribus
290 2714 373 2774 velut
396 2715 535 2773 animalia
559 2718 589 2773 et
608 2719 645 2773 ut
665 2716 784 2791 viperae
799 2714 1014 2773 incontinentes
1029 2716 1107 2775 sunt.

89 2805 130 2863 Et
152 2807 272 2879 ventus,
306 2805 359 2880 qui
390 2803 422 2861 in
455 2804 566 2863 lumbis
599 2823 704 2864 eorum
733 2807 790 2880 est,
821 2805 853 2862 in
884 2803 982 2862 tribus
1013 2802 1108 2862 modis

90 2893 220 2964 exsistit,
253 2893 297 2951 ita
320 2892 400 2969 quod
422 2893 529 2970 igneus
552 2896 597 2952 est
620 2896 650 2952 et
672 2897 810 2953 ventosus
834 2911 867 2952 ac
890 2893 973 2952 fumo
996 2893 1107 2952 melan·
1121 2899 1149 2944 30

90 2983 184 3043 coliae
205 2983 383 3058 permixtus,
416 2986 446 3041 et
474 2981 541 3042 ideo
571 2987 682 3042 rectam
712 2983 898 3042 dilectionem
926 2982 963 3040 ad
990 2982 1109 3040 nullum

89 3071 215 3144 habent3
239 3072 290 3131 sed
305 3071 399 3129 amari
414 3075 444 3130 et
465 3072 548 3131 avari
572 3075 602 3130 et
624 3072 795 3147 insipientes
818 3076 889 3131 sunt
911 3075 942 3130 et
964 3071 1109 3146 superflui

89 3162 122 3220 in
144 3160 268 3220 libidine
291 3179 325 3219 ac
347 3161 408 3219 sine
427 3160 628 3220 moderatione
644 3180 711 3220 cum
728 3161 906 3220 mulieribus
920 3161 1005 3220 velut
1020 3159 1107 3229 asini3

90 3249 171 3309 unde
202 3250 227 3310 si
255 3250 291 3309 de
318 3250 373 3308 hac
400 3250 522 3309 libidine
552 3250 703 3309 interdum
735 3251 927 3322 cessaverint,
957 3248 1107 3307 111111111-

90 3339 203 3398 saniem
234 3338 339 3415 capitis
370 3339 541 3415 incurrunt,
573 3340 616 3398 ita
644 3339 725 3415 quod
751 3339 890 3399 frenetici
924 3339 1022 3398 errmt.
1067 3335 1106 3393 Et
1120 3343 1148 3389 35

92 3447 162 3488 cum
195 3428 270 3487 hanc
290 3427 444 3487 libidinem
474 3428 506 3487 in
528 3429 744 3489 convictionem
771 3429 933 3488 mulierum
963 3428 1105 3499 exercent,

91 3517 237 3578 insaniam
252 3518 356 3593 capitis
372 3537 429 3577 non
444 3518 617 3593 patiuntur3
640 3518 691 3578 sed
712 3522 815 3580 tamen
837 3515 1002 3596 1111111111Ὶ
1021 3533 1119 3591 auam
