2460 3862
129 140 168 200 10
514 131 761 188 HILDEGARDIS

108 332 115 352 ··
128 318 226 379 omnia
249 290 500 377 confirnderentur
516 320 546 377 61
560 316 780 376 firmamentum
800 319 901 376 totum
917 316 1147 392 dirumperetur.

128 408 159 466 Si
182 408 259 467 enim
281 408 502 466 firmamentum
524 406 676 465 immobile
700 410 784 482 esset,
811 407 854 464 ita
883 409 919 465 ut
941 425 1001 464 non
1023 406 1147 465 circum·

127 499 306 573 volveretur,
330 500 402 557 tunc
424 497 469 556 661
492 496 553 555 fere
576 515 631 571 per
652 498 748 555 totam
762 498 904 555 aestatem
925 513 1013 571 super
1035 498 1148 554 terram

128 590 202 647 esset
224 586 285 646 sine
309 587 394 646 nocte
417 589 447 645 et
469 586 532 644 fere
554 604 608 661 per
629 587 724 644 totam
750 585 877 644 hiemem
904 584 959 643 sub
982 584 1149 644 terracina

99 677 183 740 odie.
228 674 313 735 Nunc
336 678 436 734 autem
458 673 525 734 ideo
549 675 800 747 circumvolvitur,
823 677 867 746 nt,
891 674 964 732 dum
978 673 1077 748 ipsum
1092 674 1148 733 soli

128 765 259 825 occurrit
281 768 311 825 61
326 765 377 824 1116
399 765 459 836 1111,
482 768 567 824 tanto
584 764 673 824 citius
693 783 711 822 a
733 765 830 823 calore
853 763 934 822 illius
949 762 1094 822 solidetur
1119 766 1151 822 et

128 855 327 926 confirmetur,
350 854 462 914 scilicet
485 853 558 912 dum
580 853 632 912 1116
654 854 754 928 ipsum
776 852 926 929 percurrit
948 854 979 911 61
1000 853 1069 928 igne
1091 870 1147 912 suo

127 944 289 1020 pertransit
320 947 350 1003 61
381 943 543 1020 perfundit.
590 942 669 1002 Ante
696 961 797 1002 casum
820 942 903 1001 Adae
926 940 1149 1000 firmamentum

127 1033 279 1093 immobile
303 1033 363 1092 fuit
385 1036 415 1092 61
437 1051 495 1091 161
511 1032 810 1102 circumvolvebatur,
833 1033 903 1108 post
924 1048 1024 1090 casum
1047 1035 1149 1090 autem

88 1139 114 1183 10
128 1123 191 1182 eiua
225 1123 324 1197 coepit
353 1122 466 1181 moveri
493 1123 524 1180 61
552 1121 756 1194 circumvolvi3
786 1120 836 1180 sed
863 1123 932 1196 post
953 1120 1148 1180 novissimum

128 1212 207 1270 diem
228 1211 380 1270 immobile
403 1210 501 1287 stabit,
533 1213 569 1270 ut
596 1211 628 1269 in
650 1211 748 1286 prima
779 1210 927 1269 creatione
955 1213 1023 1269 ante
1046 1228 1148 1269 casum

127 1302 209 1360 Adae
241 1301 309 1359 fuit.
354 1298 440 1359 Nunc
471 1302 571 1359 autem
602 1298 668 1359 ideo
692 1299 945 1370 circumvolvitur,
979 1302 1054 1358 uta
1078 1300 1147 1371 sole,

127 1391 198 1448 luna
220 1393 251 1449 et
273 1389 367 1449 stellis
389 1388 547 1449 roboretur
574 1392 604 1448 et
627 1388 825 1464 confirmetur,
854 1388 925 1463 quia
948 1387 973 1446 si
995 1388 1147 1447 immobile

127 1481 227 1551 staret,
260 1479 319 1538 cito
352 1479 546 1554 liquefactum
573 1481 604 1538 et
626 1478 792 1537 emollitum
820 1477 969 1537 deflueret.
1014 1477 1058 1535 111
1091 1477 1147 1537 hoc

87 1583 114 1628 15
128 1570 224 1640 etiam,
260 1567 340 1643 quod
370 1568 459 1627 modo
494 1568 748 1644 circumvolvitur,
784 1568 928 1626 elementa
959 1570 1083 1643 purgat,
1117 1571 1147 1627 et

126 1657 266 1735 purgatio
290 1657 343 1715 illa
365 1656 516 1716 interdum
538 1661 608 1716 sunt
624 1676 751 1732 aquosae
776 1661 806 1716 et
819 1657 923 1734 nigrae
945 1655 1046 1730 nubes,
1071 1675 1145 1732 quas

126 1746 269 1821 1116111116,
292 1746 377 1806 velut
401 1746 490 1805 etiam
506 1765 590 1821 aqua,
614 1747 736 1806 eumad
758 1746 860 1824 ignem
882 1747 914 1804 in
930 1746 990 1805 olla
1012 1746 1144 1821 ponitur,
1191 1786 1198 1798 .

127 1839 157 1894 et
181 1837 212 1894 in
234 1836 350 1894 fervore
373 1835 479 1895 caloris
501 1853 638 1910 spumam
661 1836 731 1895 eicit
753 1839 783 1895 61
804 1839 962 1912 purgatur.

194 1925 241 1984 De
270 1925 453 1995 firmamenti
480 1926 694 1984 consonantiis.
739 1924 775 1982 In
808 1926 874 2000 1666
901 1925 1004 1984 etiam·
1018 1925 1145 1984 circum-

85 2028 114 2073 16
127 2015 280 2074 volutione
311 2014 359 2073 sui
391 2012 539 2072 mirabiles
573 2032 659 2073 sonos
690 2013 809 2082 emittit,
842 2032 916 2090 quos
943 2017 1042 2073 tamen
1074 2033 1146 2088 prae

127 2104 219 2162 nimia
247 2102 406 2162 altitudine
440 2104 472 2163 et
500 2102 660 2162 latitudine
683 2103 746 2162 eius
769 2103 872 2161 audire
895 2121 954 2161 non
980 2121 1145 2178 possumne,

126 2194 210 2252 velut
232 2193 330 2266 etiam,
355 2210 423 2251 cum
445 2192 647 2251 molendinum
673 2192 723 2251 vel
744 2192 913 2267 plaustrum
937 2192 1143 2251 circumvolvi·

126 2285 190 2354 tur,
221 2300 308 2341 sonos
332 2300 400 2341 suos
423 2281 519 2342 habet.
565 2280 623 2339 Sed
660 2285 690 2340 et
720 2281 799 2339 idem
828 2280 1047 2338 firmamentum
1078 2280 1145 2340 ideo

126 2375 226 2432 161166
260 2371 429 2430 altitudinis
465 2373 496 2429 et
530 2362 735 2444 amplitudinis
766 2371 844 2429 circa
875 2373 984 2428 terram
1015 2372 1073 2440 661,
1109 2390 1146 2429 ne

84 2473 113 2519 65
126 2461 258 2520 homines
282 2463 312 2519 et
335 2459 473 2519 animalia
499 2459 532 2517 in
559 2462 639 2518 terra
662 2460 846 2534 moriantur,
879 2477 947 2516 cum
975 2457 1011 2517 ab
1035 2459 1076 2518 eis
1098 2478 1143 2518 re·

126 2554 242 2609 motum
274 2552 330 2621 est3
363 2549 435 2624 quia
466 2553 529 2608 tam
559 2548 693 2607 homines
726 2568 816 2624 quam
846 2547 985 2606 animalia
1009 2548 1045 2606 de
1067 2549 1145 2624 igne,

126 2640 229 2714 1611111,
259 2658 336 2714 aqua
359 2642 390 2698 61
411 2637 540 2697 nubibus
555 2641 750 2712 morerentur,
774 2639 799 2696 si
822 2638 864 2696 eis
887 2637 918 2695 in
940 2637 1038 2696 vicino
1062 2642 1146 2700 esset.

127 2727 210 2786 Sicut
240 2728 318 2785 enim
351 2746 459 2803 corpus
492 2729 523 2785 et
552 2727 652 2786 anima
679 2726 768 2786 simul
800 2731 871 2786 sunt
900 2728 930 2785 et
957 2725 993 2784 ab
1020 2727 1146 2786 invicem

127 2817 352 2891 confirmantur,
380 2817 423 2875 ita
446 2816 536 2875 etiam
564 2816 785 2875 firmamentum
808 2822 838 2875 et
860 2817 997 2890 planetae
1020 2821 1091 2875 sunt
1113 2822 1144 2875 et

83 2905 164 2965 36611
186 2905 312 2964 invicem
327 2908 434 2963 mutuo
458 2906 599 2965 foventur
620 2909 651 2965 et
666 2905 889 2965 confirmantur.
934 2903 991 2963 Sed
1014 2908 1044 2963 61
1067 2905 1146 2964 sicut

127 2995 224 3053 anima
256 3012 364 3069 corpus
393 2993 524 3053 vivificat
554 2998 585 3053 et
607 2994 780 3070 consolidat,
812 2995 854 3054 616
882 2995 971 3054 etiam
995 2994 1048 3064 sol,
1072 2995 1144 3052 luna

126 3086 156 3143 et
188 3083 278 3141 ceteri
305 3084 440 3158 planatae
469 3082 689 3142 firmamentum
722 3102 790 3142 cum
819 3084 889 3160 igne
912 3101 965 3142 suo
989 3082 1090 3142 fovent
1114 3086 1144 3142 et

126 3172 307 3233 confirmant.
353 3170 429 3230 Nam
460 3171 682 3231 firmamentum
710 3176 755 3232 est
782 3174 866 3235 velut
894 3174 984 3248 caput
1006 3171 1142 3243 hominis,

126 3262 179 3338 sol,
202 3261 274 3319 luna
297 3264 327 3320 et
349 3262 451 3320 stellae
474 3265 511 3320 ut
533 3263 622 3338 oculi,
655 3280 705 3323 661
727 3266 764 3322 ut
786 3263 915 3335 auditus,
949 3263 1030 3320 venti
1059 3262 1144 3321 velut

83 3361 112 3407 65
127 3352 275 3426 61616116,
308 3369 355 3410 166
386 3353 423 3409 ut
450 3353 564 3427 gustus,
597 3352 690 3411 latera
716 3351 821 3410 mundi
848 3352 884 3409 ut
912 3350 1032 3410 brachia
1055 3353 1086 3409 et
1107 3354 1145 3410 ut

125 3443 229 3500 tactus.
274 3440 314 3499 Et
337 3441 411 3499 aliae
435 3443 594 3515 creaturae,
623 3459 698 3516 quae
720 3443 790 3500 sunt
812 3442 843 3499 in
866 3440 986 3510 mundo,
1014 3443 1085 3499 sunt
1106 3445 1144 3498 ut

124 3532 235 3604 venter,
263 3533 343 3589 terra
365 3533 466 3589 autem
489 3534 525 3590 ut
547 3549 606 3606 cor,
629 3530 717 3605 quod,
745 3528 994 3605 quemadmodum
1023 3547 1073 3588 cor
1095 3548 1143 3588 su·
