2460 3862
352 136 495 192 CAUSAE
515 138 562 192 ET
581 137 703 193 OURAE
722 137 791 194 LIB.
809 138 844 192 Π.
1065 144 1105 203 99

85 319 243 379 madidum
270 324 315 381 est
346 325 376 381 et
407 323 478 398 quia
506 315 683 382 humoribus
718 320 884 381 humectari
914 321 1012 398 debet,
1045 324 1108 380 tam

86 410 183 469 malos
206 429 297 486 quam
318 411 410 470 bonos
434 412 573 470 humores
600 411 714 487 recipit.
760 409 836 470 Cum
863 430 935 487 ergo
963 411 1108 488 praedicti

88 499 161 556 mali
175 499 315 559 humores
330 500 553 576 insurrexerint,
576 500 614 558 ad
634 501 717 576 splen
747 501 930 574 (ascendunt
952 504 1002 576 et)
1031 500 1109 559 iliud

87 588 227 647 sanciunt
250 591 280 646 et
303 589 403 649 dolere
426 589 548 652 faciunt.

156 677 201 736 De
227 679 374 737 stomacho
402 682 429 738 ot
450 679 515 738 eius
537 678 742 754 indigestione.
787 678 963 738 Stomachus
988 689 1135 755 quoquot

87 766 119 823 in
144 784 267 842 corpore
289 766 417 826 hominis
439 768 484 826 ita
510 767 692 843 positurum,
716 767 797 844 quod
821 785 920 827 omnes
943 766 1024 843 cibos
1047 785 1108 826 sus·

88 855 163 930 cipit
178 857 208 913 et
229 854 354 932 digerit3
377 858 407 915 et
421 859 509 916 tenax
525 859 570 916 est
584 860 615 915 et
630 856 817 933 aliquantum
831 857 956 918 interius
970 875 1107 932 rugosus,

88 947 126 1003 ut
149 943 230 1003 eibos
254 944 291 1003 ad
314 945 508 1021 digestionem
540 946 669 1005 retinere
696 947 801 1022 possit,
833 965 869 1004 ne
897 946 985 1006 citius
1011 944 1044 1003 in
1066 945 1107 1003 di·-

88 1033 252 1110 gestionem
274 1033 424 1110 labantur,
453 1035 536 1095 velut
558 1035 752 1094 cementarius
774 1035 887 1109 lapides
919 1034 962 1093 its
991 1034 1106 1109 incidit,

86 1125 124 1181 ut
157 1125 323 1182 cementum
353 1123 471 1200 capiant
500 1126 530 1182 st
558 1127 686 1198 teneant,
716 1143 752 1183 ne
783 1124 901 1183 diffluat
929 1127 982 1182 aut
1010 1122 1105 1183 cadat.
1122 1129 1148 1174 10

89 1211 148 1270 Sed
170 1230 239 1271 cum
262 1212 384 1288 quidam
406 1212 540 1272 homines
563 1213 723 1290 aliquando
748 1213 892 1290 quosdam
916 1212 995 1272 cibos
1017 1230 1108 1287 supra

87 1299 213 1359 modum
235 1302 424 1378 sumpserint,
448 1302 560 1362 scilicet
574 1302 682 1362 crudos
698 1305 728 1361 et
743 1303 874 1362 incoctos
890 1305 921 1362 et
936 1302 1108 1361 semioootos

86 1409 121 1449 ac
153 1391 302 1466 superflue
336 1394 367 1449 et
404 1391 596 1451 immoderate
631 1392 756 1468 pingues
791 1393 881 1468 atque
916 1409 1020 1468 graves
1055 1393 1108 1448 aut

88 1479 186 1538 aridos
209 1481 240 1538 et
261 1479 365 1555 siccos,
396 1483 468 1539 tunc
489 1480 641 1540 interdum
664 1499 715 1540 cor
738 1483 768 1539 et
789 1480 871 1540 iecur
894 1499 933 1568 ac
949 1481 1053 1556 pulmo
1076 1483 1107 1538 et

86 1568 165 1626 alius
197 1569 288 1640 calor,
320 1569 373 1645 qui
404 1569 436 1627 in
467 1569 584 1629 homins
616 1573 672 1642 est,
704 1572 823 1629 tantum
851 1572 881 1628 et
907 1573 972 1628 tam
999 1571 1106 1629 fortem
1120 1575 1147 1620 15

87 1658 188 1734 ignem
215 1658 365 1717 stomacho
399 1657 605 1718 administrare
637 1677 696 1718 non
728 1661 867 1735 possunt,
904 1661 940 1717 ut
968 1658 1027 1717 cibi
1055 1657 1107 1717 isti

86 1748 303 1822 excoquantur;
325 1747 404 1806 unde
426 1748 458 1805 in
480 1747 631 1807 stomacho
655 1748 852 1824 coagulantur
868 1749 898 1806 et
912 1747 1106 1807 indurescunt

86 1838 119 1893 et
141 1834 254 1894 mucidi
276 1835 361 1911 fiunt,
388 1836 431 1894 ita
455 1837 536 1912 quod
558 1838 649 1896 etiam
671 1838 857 1896 stomachum
876 1836 1027 1895 interdum
1050 1837 1103 1894 ali·

87 1926 236 2001 quantum
251 1928 305 1983 aut
319 1925 447 1985 viridem
462 1929 515 1984 aut
529 1927 670 2002 glaucum
686 1929 739 1984 aut
754 1926 882 1986 lividum
899 1928 952 1984 aut
973 1926 1106 1984 multum

86 2014 222 2085 livorem,
237 2013 269 2071 id
285 2015 423 2086 estotim,
442 2014 599 2074 habentem
614 2014 751 2087 reddunt,
767 2019 798 2074 et
813 2015 895 2091 qnod
910 2015 1000 2075 etiam
1015 2015 1104 2074 inter·
1118 2023 1146 2068 20

85 2102 161 2160 dum
195 2103 280 2160 velut
314 2103 488 2179 putridum·
510 2104 734 2180 sterquilinium
767 2105 860 2164 malos
897 2105 1037 2163 humores
1076 2107 1107 2162 et

86 2191 182 2250 malos
204 2192 332 2251 foetores
354 2210 408 2268 per
429 2195 529 2252 totum
552 2211 661 2270 corpus
685 2193 834 2269 emittunt,
859 2197 889 2253 et
912 2193 993 2270 quod
1016 2193 1106 2251 etiam

84 2280 172 2339 velut
194 2280 292 2339 viride
315 2284 346 2339 et
367 2281 487 2340 madida
501 2282 584 2359 ligna
599 2283 717 2342 incensa
732 2283 845 2341 malum
861 2284 978 2341 fumum
993 2280 1105 2357 ubique

85 2370 118 2427 in
142 2387 263 2445 corpore
285 2370 451 2430 effundunt.
496 2371 583 2442 Quod
607 2372 685 2431 enim
708 2371 830 2448 quidam
852 2371 911 2431 cibi
934 2371 965 2429 in
986 2370 1105 2429 homine

84 2457 279 2535 indurantur,
318 2457 375 2519 hoo
408 2459 444 2518 de
475 2459 598 2520 diversis
628 2460 853 2520 infirmitatibus
882 2463 939 2534 est,
978 2459 1049 2535 quia
1079 2460 1145 2517 sias

84 2547 197 2607 nimius
220 2550 251 2607 et
271 2548 400 2608 iniustus
424 2549 513 2608 ardor
535 2550 566 2608 in
588 2549 707 2609 homine
729 2552 785 2624 est,
814 2552 977 2608 comestum
1005 2547 1106 2606 cibum

85 2637 213 2712 perurit,
236 2638 285 2696 rel
307 2638 333 2696 si
355 2638 483 2696 nimium
505 2642 536 2698 et
558 2639 705 2698 iniustum
728 2639 825 2715 frigus
844 2639 876 2697 in
896 2656 930 2697 eo
953 2639 1005 2711 est,
1028 2655 1104 2697 com·

85 2727 167 2785 estus
189 2725 273 2786 cibus
299 2727 331 2784 in
357 2745 391 2786 eo
419 2726 515 2804 digeri
542 2747 602 2788 non
629 2731 739 2804 potest,
771 2727 823 2786 sed
845 2746 915 2804 prae
938 2727 1050 2803 frigore
1073 2727 1104 2785 in

85 2833 120 2874 eo
144 2814 330 2874 coadunatur
352 2819 382 2875 et
405 2817 593 2894 coagulatum
624 2820 654 2876 et
680 2817 724 2876 its
750 2817 781 2874 in
807 2817 925 2877 bomine
953 2819 1052 2875 manet
1075 2820 1105 2876 et

84 2904 128 2963 sic
150 2904 202 2963 ille
224 2905 313 2966 dolet.
1118 2912 1146 2958 30

153 2994 198 3053 De
220 2994 301 3066 aifoc
323 2995 492 3061 extraneae
515 2999 567 3055 aar
588 2998 726 3068 rapturo.
773 2994 901 3065 Quidam
929 2998 1029 3054 autem
1052 2994 1104 3054 ho·

84 3082 179 3142 mines
202 3086 285 3159 sunt,
316 3084 369 3160 qui
391 3085 495 3144 molles
518 3103 618 3145 carnes
641 3085 773 3160 corporis
795 3085 905 3144 habent
932 3085 994 3144 sire
1016 3084 1103 3142 maci·

83 3172 159 3230 lenti
181 3172 243 3231 sive
265 3172 392 3250 pingues
414 3174 483 3246 sint,
506 3177 536 3234 et
558 3173 605 3233 his
627 3173 752 3233 interior
775 3176 924 3249 cutecuia,
958 3192 1034 3249 quae
1056 3173 1102 3230 in·

83 3262 195 3320 teatina
216 3262 447 3339 comprehendit,
470 3263 592 3340 pinguis
615 3265 646 3321 et
667 3263 767 3321 tennis
790 3266 847 3338 est,
877 3263 921 3322 ita
943 3261 1024 3338 quod
1048 3263 1102 3319 aut

84 3350 122 3409 de
137 3351 317 3428 quibusdem
332 3352 556 3412 infinnitatibus
572 3355 626 3411 aut
647 3351 799 3411 laboribus
822 3354 876 3411 aut
898 3352 934 3410 de
956 3368 1026 3410 casu
1049 3353 1103 3409 aut
1115 3357 1143 3403 3⁵

84 3440 122 3500 de
144 3441 312 3501 extensione
334 3442 454 3517 ventris,
477 3460 545 3501 cum
568 3441 640 3501 cibis
662 3442 803 3518 repletur,
831 3441 917 3500 facile
940 3438 1104 3515 rumpitur.

83 3528 143 3589 Sed
165 3533 266 3590 temen
289 3531 391 3591 eadem
414 3531 549 3592 cutccula
570 3530 603 3592 in
624 3530 807 3593 mulieribus
832 3530 958 3609 spissior
980 3531 1016 3587 sb
1031 3531 1120 3585 inus·

985 3629 1028 3684 Pp*
