2460 3862
179 152 187 159 ·
296 138 437 194 CAUSAE
456 137 503 193 ΕΤ
521 138 644 194 cunia
662 139 730 195 LIB.
749 139 798 194 ΠΙ.
998 145 1059 206 165

50 323 182 398 ¹castulae
205 323 237 381 in
259 342 292 383 eo
314 323 399 382 facile
415 323 574 398 ebulliunt,
597 325 628 383 in
645 323 755 400 quibas
770 324 879 385 vermis
894 324 980 384 facile
995 343 1060 384 nas-

50 413 125 472 citur
148 417 180 471 et
201 412 351 472 hominem
372 411 472 472 laedit.

111 503 160 561 Dc
182 502 288 564 diaeta.
334 499 419 561 Nunc
443 504 542 561 autem
564 503 643 562 sicut
666 521 757 578 caseo,
793 504 845 579 qui
877 504 908 562 in
941 505 1062 563 vasculo

50 610 97 652 aro
113 591 268 667 premitur,
291 589 461 668 coagulatio
476 592 563 651 lactis
579 611 695 669 semper
709 592 929 668 superadditur,
953 611 1062 669 quous·
1090 664 1092 672 Ι

50 700 104 757 pue
126 680 306 757 perficiatur,
329 681 371 740 sic
394 681 484 739 etiam
507 681 616 740 infanti
646 683 676 741 et
697 700 791 757 puero
815 681 897 742 cibus
921 685 950 740 et
972 685 1090 758 potus5

50 769 163 830 sssidue
186 769 455 830 subministrandas
479 773 531 845 est,
555 789 650 847 usque
676 771 748 830 dum
771 770 810 829 ad
831 771 992 847 perfectam
1015 791 1062 830 ae·

50 863 139 918 atem
161 859 355 936 perducatur3
387 855 523 935 alioquin
545 860 642 918 infans
674 863 705 919 et
737 879 813 937 puer
844 878 972 920 crescere
1004 879 1063 918 non

50 952 174 1025 possent,
197 948 248 1008 sed
269 949 409 1026 perirent.
455 947 512 1008 Sed
545 952 575 1007 et
606 950 668 1008 seni
696 969 730 1009 ac
753 949 902 1026 decrepito
925 950 1008 1009 cibus
1033 953 1063 1008 et

50 1041 135 1114 notus
160 1037 341 1098 adhibendus
364 1041 415 1113 est,
450 1038 531 1115 quod
564 1057 632 1098 cum
666 1039 787 1116 sanguis
811 1042 841 1098 et
863 1058 932 1099 caro
955 1040 986 1097 in
1009 1039 1061 1098 illo

50 1127 201 1199 minuitur,
224 1127 270 1186 his
292 1127 411 1188 cibariis
434 1127 630 1188 sublevandus
650 1131 702 1188 est.
737 1128 835 1189 Homo
859 1128 936 1188 enim
960 1131 1005 1187 est
1027 1130 1104 1211 utfflo

50 1223 136 1277 terra.
184 1215 215 1275 Si
236 1220 317 1276 terra
338 1216 460 1275 nimiam
483 1216 694 1276 humiditatem
716 1217 865 1293 habuerit,
889 1219 957 1278 indo
979 1217 1063 1276 laesi·

50 1325 130 1366 anem
155 1306 294 1379 incurrit3
318 1306 343 1364 si
365 1309 465 1365 autem
488 1306 605 1366 modica
627 1308 675 1367 vel
691 1307 775 1365 nulla
789 1307 969 1366 humiditate
985 1309 1066 1366 tacta

50 1396 147 1470 tuerit,
171 1394 198 1453 ei
221 1395 258 1454 ad
280 1396 508 1471 prosperitatem
529 1415 589 1454 non
611 1395 731 1459 valebit.
763 1395 850 1467 Quod
866 1398 892 1455 si
908 1396 1065 1455 discretam

50 1483 256 1544 humiditatem
277 1485 423 1559 habuerit,
446 1485 559 1544 bonum
582 1485 608 1543 ei
632 1488 685 1546 est.
731 1485 779 1544 Sia
807 1489 852 1544 est
878 1487 909 1543 in
937 1486 1063 1545 homine.

50 1573 78 1633 si
101 1573 192 1633 homo
214 1574 339 1634 multam
362 1576 392 1632 et
413 1575 537 1632 nimiam
564 1593 598 1633 ac
624 1575 766 1633 fluentem
794 1573 1005 1633 humiditatem
1033 1575 1064 1632 in
1079 1585 1107 1629 15

50 1683 76 1723 se
100 1664 224 1740 patitur,
248 1664 360 1722 scilicet
379 1664 410 1722 in
426 1663 527 1738 oculis,
550 1663 581 1722 in
597 1664 726 1735 auribus,
750 1665 781 1722 in
797 1664 925 1740 naribus,
950 1664 982 1722 in
1005 1683 1064 1740 ore,

50 1752 116 1812 indo
148 1753 242 1828 magis
271 1752 401 1812 laeditur
433 1772 523 1828 quam
554 1756 684 1814 sanetur.
731 1753 762 1810 Si
794 1755 895 1812 autem
919 1753 1066 1812 modicam

50 1843 95 1902 rol
116 1841 231 1899 nullam
254 1841 423 1900 effluentem
445 1841 655 1901 humiditatem
676 1843 707 1900 in
730 1841 777 1901 his
800 1842 943 1902 membris
957 1842 1065 1901 habue-

50 1932 96 2006 rit,
131 1930 332 2007 periculosum
365 1936 410 1990 est
441 1931 480 2003 ei;
516 1931 540 1989 si
568 1950 639 1991 vero
667 1931 826 1990 discretam
855 1930 1066 1991 humiditatem

50 2020 195 2090 hahuerit,
218 2020 255 2078 ad
278 2020 434 2078 sanitatem
457 2021 503 2078 illi
526 2024 580 2084 est.
1081 2029 1109 2074 ao

532 2215 587 2278 111.

145 2334 220 2418 1)Da
238 2339 403 2414 praedictis
425 2345 524 2400 actem
546 2341 775 2413 infirmitatibus
797 2341 980 2421 subscriptae

50 2431 216 2494 aeditimo
243 2448 262 2489 a
289 2430 342 2489 deo
367 2434 551 2490 monstratae
573 2434 626 2488 act
649 2431 799 2490 hommem
822 2429 989 2489 libarabcat
1016 2431 1069 2487 cat

153 2520 216 2592 ipse
237 2521 380 2578 mutetur
402 2523 455 2578 aut
477 2519 550 2579 deas
573 2536 639 2578 cam
666 2519 791 2578 liberari
813 2536 876 2577 aaa
898 2517 968 2582 cctt.

115 2646 162 2704 Da
184 2644 362 2718 capillorum
384 2661 463 2703 casa.
499 2642 574 2702 Oum
598 2642 777 2702 adolescenti
802 2642 916 2702 homini
931 2642 991 2700 iam
1007 2642 1066 2717 pri·
1082 2651 1109 2696 25

50 2754 132 2794 mum
156 2733 249 2793 crines
273 2733 376 2792 cadere
398 2733 555 2809 incipiunt,
583 2732 750 2808 (accipiat)
780 2732 816 2790 de
833 2732 935 2790 arvina
950 2731 1014 2790 ursi
1039 2735 1069 2790 et

50 2824 200 2884 modicum
222 2823 393 2881 favillarum
415 2821 451 2880 de
474 2823 592 2881 triticeo
615 2824 667 2879 aut
695 2821 731 2879 de
764 2822 900 2898 siligineo
927 2821 1070 2880 stramine

50 2915 205 2987 factarum,
236 2915 266 2970 et
294 2911 365 2970 haec
392 2911 483 2969 simul
515 2910 703 2970 commisceat
731 2912 761 2967 et
792 2910 896 2969 deinde
920 2928 988 2968 cum
1011 2911 1069 2969 isto

50 3005 148 3062 totum
171 3004 262 3077 caput
284 3019 373 3060 suum
394 3001 521 3077 inungat
543 3003 573 3059 et
595 2999 637 3057 ibi
659 2999 824 3075 praecipue,
852 2998 906 3057 ubi
929 3000 1022 3058 crines
1038 2999 1070 3057 in

50 3091 146 3168 capite
169 3108 224 3149 suo
247 3090 367 3148 effluere
389 3090 546 3165 incipiunt.
591 3088 698 3148 Postea
721 3087 773 3146 diu
802 3087 949 3147 abstineat
971 3107 1009 3159 se,
1033 3107 1070 3146 ne
1084 3100 1111 3143 so

50 3183 141 3257 caput
162 3197 251 3238 suum
274 3179 320 3238 ab*
333 3179 390 3237 ista
412 3179 551 3238 unctione
573 3177 660 3238 lavet.
706 3177 746 3236 Et
775 3178 875 3236 omnes
908 3177 981 3252 eius,
1017 3177 1069 3251 qui

50 3269 183 3330 nondum
206 3268 386 3343 oeciderunt,
410 3286 464 3344 per
487 3267 656 3327 unctionem
679 3267 766 3325 istam
790 3266 833 3325 ita
859 3265 1070 3325 humectantur

50 3364 78 3420 et
89 3358 317 3429 confortantur,
340 3357 422 3433 quod
444 3376 496 3432 per
518 3357 609 3433 longa
631 3359 767 3431 tempora
789 3375 848 3414 non
873 3354 984 3413 cadent,
1031 3352 1071 3411 Et

127 3549 149 3618 ¹)
167 3568 192 3603 v.
211 3549 318 3603 22—24
337 3575 369 3594 =
388 3566 416 3619 p.
432 3547 642 3616 184m-185p.
