2460 3862
129 134 193 193 232
515 125 761 184 Hrauuenuuls

127 318 226 373 tamen
253 311 415 371 seeundum
445 315 557 372 rectam
584 311 826 372 consuetudinem
849 314 951 386 foetet,
974 314 1065 374 homo
1091 316 1137 374 ille

127 403 177 461 vix
200 401 320 461 evadere
343 405 442 477 potest
463 404 599 477 mortem,
629 402 765 478 quamvis
788 403 960 463 melancolia
981 405 1015 462 in
1044 404 1135 482 nigre·

128 490 226 549 dinem
250 493 279 549 et
300 491 332 549 in
355 491 521 550 ariditatem
546 491 704 566 egestionis
726 491 852 550 bominis
875 493 1028 552 defectum
1056 513 1138 554 suum

129 581 272 655 ostendat,
288 599 357 639 oum
371 581 451 639 idem
465 581 553 639 homo
569 581 694 639 interius
709 581 896 658 aliquantum
911 583 942 640 in
958 583 1138 660 nigredinem

100 673 158 728 set
185 669 217 727 in
251 670 418 729 ariditatem
448 688 503 744 per
532 669 736 729 melancoliam
767 689 869 729 versus
899 675 1017 731 reatum
1045 677 1138 733 tamen

128 759 255 818 oalorem
285 759 316 817 in
338 760 451 819 foetore
482 758 614 817 eiusdem
636 759 802 833 putredinis
826 760 962 822 deelaret.
1009 761 1041 820 Si
1072 781 1137 822 vero

127 848 255 906 alienum
279 848 424 907 foetorem
452 867 469 906 a
491 848 729 907 consuetudinali
751 849 864 908 foetore
886 850 984 923 habet,
1018 853 1138 912 mortale

128 942 172 996 est
200 937 331 1014 signum,
363 937 504 1014 quoniam
533 941 631 996 reatus
663 937 744 996 calor
773 938 901 998 hominis
931 941 962 998 in
997 940 1138 1002 defectum

126 1027 294 1102 putredinis
315 1027 397 1086 illius
419 1025 590 1085 subtractus
613 1029 667 1086 est.

87 1129 115 1173 1o
215 1116 263 1175 De
285 1133 434 1189 uquarum
449 1115 617 1175 diversitate
639 1119 666 1174 et
680 1116 860 1176 balneorum.
893 1117 959 1176 Non
976 1122 1080 1178 autem
1098 1124 1136 1180 est

127 1206 200 1264 utile
225 1197 297 1286 [nee]
322 1205 436 1263 homini
457 1205 627 1281 frequenter
649 1205 680 1263 in
703 1224 782 1280 aqua
796 1205 941 1282 balneare,
965 1209 1026 1268 nisi
1047 1227 1136 1269 maoer

127 1298 157 1353 et
184 1293 285 1353 aridus
312 1295 364 1374 sit,
395 1294 447 1369 qui
474 1294 561 1352 facile
584 1293 777 1370 infrigidatur
807 1298 837 1354 et
865 1296 951 1355 facile
983 1298 1135 1371 incalesoit‚

128 1382 209 1460 quod
236 1387 339 1443 tenues
367 1401 466 1442 earnes
495 1383 597 1455 babet3
633 1387 663 1442 et
692 1384 751 1442 iste
777 1384 808 1442 in
839 1405 918 1462 aqua
949 1386 1079 1459 balneet,
1108 1389 1136 1446 ut

128 1473 314 1549 aliquantum
342 1473 469 1532 calorem
501 1473 619 1548 corpori
646 1491 699 1532 suo
736 1473 875 1532 adhibeat
906 1478 936 1534 et
965 1479 1004 1535 ut
1034 1494 1134 1552 eorpus

87 1574 114 1619 15
127 1581 215 1621 sunm
229 1562 387 1621 humectat.
424 1561 475 1620 Illi
490 1581 568 1635 vero,
592 1562 645 1639 qui
658 1563 785 1639 pingues
800 1581 900 1622 earnes
915 1564 1015 1637 habet,
1038 1566 1133 1624 balnea

127 1671 273 1727 aquarum
296 1652 414 1725 obsunt,
443 1650 525 1728 quod
553 1652 680 1710 interius
703 1652 791 1711 oalidi
814 1655 844 1711 et
866 1653 983 1712 humidi
1006 1659 1090 1731 sunt,
1112 1658 1134 1713 et

126 1740 192 1799 ideo
216 1741 241 1799 si
264 1740 437 1817 corporibus
460 1741 522 1798 suis
549 1741 691 1798 maiorem
718 1742 847 1800 aalorem
873 1745 903 1800 et
930 1743 1131 1804 humiditatem

128 1829 251 1904 addunt,
275 1848 381 1905 eorpus
405 1848 507 1888 eorum
522 1829 651 1904 laedunt,
675 1830 732 1888 nisi
755 1830 833 1889 forte
853 1832 1004 1891 rarissime
1027 1834 1129 1893 balneis

126 1919 158 1975 in
181 1937 259 1993 aqua
280 1922 414 1993 utantur,
436 1920 473 1976 ut
493 1919 594 1978 lutum
616 1922 735 1978 tantum
757 1919 881 1978 abluant
903 1924 934 1980 et
949 1922 1010 1996 cito
1027 1927 1130 1982 exeant.

86 2019 115 2064 w
127 2007 232 2083 Aquae
251 2026 330 2082 vero,
354 2027 430 2083 quae
450 2008 542 2066 bonae
561 2011 632 2066 sunt
653 2008 690 2066 ad
705 2007 880 2083 potandum,
903 2010 999 2070 bonae
1014 2016 1086 2072 sunt
1102 2009 1131 2069 ad

126 2096 241 2169 balnea;
264 2096 314 2155 sed
336 2097 450 2156 modios
465 2097 607 2166 calefiant,
631 2099 720 2156 etita
739 2097 827 2156 homo
851 2099 882 2156 in
905 2099 948 2158 eis
970 2099 1023 2158 diu
1039 2102 1128 2160 sedere

126 2188 233 2263 potest,
257 2187 282 2245 si
304 2187 378 2258 vult,
403 2188 542 2262 quoniam
565 2186 769 2245 infirmitatem
790 2187 903 2246 homini
922 2208 983 2247 non
1006 2190 1130 2249 inferunt

126 2276 178 2335 sed
200 2275 310 2335 bonnm
333 2279 363 2334 et
384 2275 545 2352 pulchrum
567 2277 697 2334 colorem
711 2275 739 2334 ei
754 2275 833 2339 dant.
864 2277 921 2336 Sed
936 2297 1042 2354 aquae,
1065 2295 1131 2356 quae

127 2365 220 2424 malae
243 2369 313 2424 sunt
340 2364 377 2422 ad
403 2365 581 2441 potandum,
613 2364 706 2423 malae
738 2368 809 2424 sunt
838 2367 927 2425 etiam
958 2368 997 2426 ad
1028 2369 1130 2428 balnea

85 2465 113 2510 25
127 2453 213 2524 Quod
235 2455 260 2513 si
282 2473 397 2514 neeesse
419 2455 519 2526 fuerit,
542 2457 579 2512 ut
601 2455 709 2530 aliquis
733 2453 836 2513 balnea
858 2456 890 2513 in
912 2456 979 2519 istis
1002 2458 1129 2534 accipiat,

127 2544 245 2603 fortiter
268 2547 443 2619 coquantur,
465 2547 502 2602 ut
524 2544 610 2614 livor,
634 2544 686 2618 qui
709 2545 740 2601 in
763 2543 804 2603 eis
828 2547 879 2616 est
902 2564 957 2619 per
974 2549 1130 2607 coctionem

127 2634 291 2703 minuatur,
326 2636 356 2692 et
389 2633 474 2691 brevi
503 2633 576 2690 hora
604 2632 692 2691 homo
719 2634 750 2690 in
781 2633 822 2692 eis
854 2633 966 2706 sedeat,
1000 2638 1132 2712 quoniam

127 2739 213 2780 sanae
243 2741 301 2780 non
333 2725 412 2783 sunt.
464 2720 522 2780 sed
553 2725 584 2780 et
615 2741 708 2797 aquae
742 2723 916 2798 pluviarum
952 2725 1133 2801 aliquantum

127 2829 206 2869 aeres
240 2815 271 2869 et
299 2814 403 2870 acutae
437 2814 518 2884 sunt,
554 2810 635 2886 quod
663 2810 756 2870 nubes
787 2815 818 2870 et
851 2831 901 2871 aer
934 2814 1072 2887 pluviam
1102 2814 1132 2872 de

85 2912 113 2957 30
127 2899 248 2959 diversis
274 2901 446 2959 fluminibus
473 2901 557 2959 bonis
589 2904 620 2958 et
649 2901 734 2959 malis
765 2906 795 2960 et
823 2901 859 2960 de
887 2903 1014 2962 humore
1045 2908 1133 2963 terrae

127 3007 245 3048 sursum
267 2990 398 3063 trahunt,
426 2993 456 3048 et
478 2990 544 3048 ideo
568 3008 654 3048 sanae
676 3008 736 3048 non
758 2994 836 3055 sunt.
881 2991 921 3050 Et
942 3011 1040 3068 aquae
1067 2994 1134 3053 istae

126 3097 180 3155 per
210 3096 307 3135 aerem
342 3079 424 3137 velut
453 3079 549 3138 lexiva
580 3098 634 3154 per
671 3079 798 3138 cinerem
835 3079 1030 3155 descendunt,
1063 3080 1134 3141 unde

127 3169 216 3226 etiam
238 3184 318 3225 aeres
346 3170 375 3225 et
397 3172 501 3226 acutae
524 3168 707 3240 efficiuntur3
727 3172 758 3227 et
781 3170 806 3228 si
822 3168 968 3245 calefiunt,
991 3171 1037 3229 ita
1060 3170 1135 3248 qnod

125 3258 213 3316 homo
236 3256 340 3315 balnea
362 3256 393 3314 in
417 3257 458 3315 eis
480 3258 611 3331 aooipere
633 3258 708 3330 vult,
733 3259 867 3317 acumine
882 3277 936 3318 suo
960 3263 1060 3319 entem
1078 3260 1136 3319 eius

85 3357 113 3402 35
126 3350 281 3406 transeunt
317 3348 347 3404 et
376 3364 445 3404 eum
477 3348 663 3422 aliquantum
698 3347 829 3411 laedunt.
884 3349 990 3425 Aquae
1023 3368 1136 3426 quoque

124 3437 239 3495 nivium
262 3437 450 3516 aliquantum
472 3437 610 3496 turbidae
632 3441 710 3510 sunt,
735 3440 764 3496 et
787 3438 811 3496 si
836 3439 905 3513 quis
928 3438 1019 3498 homo
1037 3440 1136 3500 balnea

114 3526 147 3583 in
169 3526 245 3602 ipsis
268 3526 392 3605 aceepit,
416 3526 512 3586 malos
532 3527 673 3586 humores
693 3529 724 3586 et
745 3527 875 3587 scabiem
898 3528 967 3588 inde
991 3530 1048 3588 ribi
1063 3530 1137 3587 forto
