2438 3854
322 128 463 218 CAUSAE
482 128 529 184 ΕΤ
548 128 668 184 CURAE
686 129 753 184 LIB.
773 129 821 183 ΠΙ.
1019 135 1081 195 175

58 313 159 372 cordis
179 313 309 391 mitigat.
338 313 446 373 Postea
461 313 645 390 liquiricium
668 314 757 373 tollat
779 317 810 373 et
833 315 992 391 quinquies
1016 316 1082 392 plus

59 403 99 461 de
123 402 252 462 feniculo
276 406 306 462 et
329 421 430 463 suecer
452 405 490 462 ad
513 404 629 479 pondus
653 403 796 479 liquiricii
819 409 909 481 atque
933 405 1083 464 modicum

57 492 159 551 mellis
182 495 212 551 et
234 511 269 552 ex
291 491 348 552 hoc
371 497 486 568 potum,
510 493 541 552 id
564 496 608 551 est
631 492 811 564 lctirdrcnc,
840 493 931 553 faciet
960 496 990 553 et
1021 498 1083 554 tam

56 600 188 657 pransus
212 600 301 658 quam
323 581 442 641 ieiunus
465 587 569 642 contra
589 583 723 641 dolorem
747 582 843 642 cerdis
866 582 958 643 bibat.
996 584 1083 644 Oalor

57 670 141 730 enirn
177 671 320 747 liquiricii
354 674 385 731 et
417 672 497 731 calor
530 672 653 731 feniculi
684 675 715 732 et
751 673 830 731 calor
864 673 980 732 zuccari
1014 687 1110 733 cums

57 761 160 819 calore
182 761 279 820 mellis
301 761 458 837 temperati
479 762 615 834 livorem,
640 761 693 836 qui
716 779 766 821 eor
788 761 924 836 hominis,
947 764 983 820 ut
997 782 1082 837 prae·

57 849 252 922 dictumest,
289 850 387 910 dolere
409 850 489 923 facit,
524 851 674 914 auferunt.
721 849 862 926 †Accipe
885 869 956 927 ergo
981 851 1081 911 album

55 939 149 1017 piper
171 941 202 998 et
223 940 261 999 ad
284 940 347 1000 eius
369 940 490 999 tertiam
514 942 629 1016 partem
651 941 911 1016 cuminum-atque
927 940 1080 1017 fenugrae-

57 1047 140 1103 cum,
169 1030 316 1104 quantum
337 1029 480 1089 medietas
504 1030 616 1089 cumini
638 1033 755 1105 pensat,
784 1030 908 1089 ethaeo
932 1029 1083 1105 pulveriza

56 1121 99 1193 et,
125 1120 283 1195 antequam
306 1119 337 1176 in
360 1119 446 1179 corde
469 1119 618 1179 defectum
641 1119 749 1179 sentias
770 1120 818 1180 vel
840 1138 909 1178 cum
924 1119 966 1177 ibi
983 1119 1082 1178 dolere
1096 1131 1123 1176 rc

55 1208 214 1282 inceperis,
237 1207 336 1283 ipsum
359 1209 514 1284 pulverem
536 1208 652 1267 modico
675 1228 751 1284 pane
773 1213 835 1267 tam
859 1209 975 1267 ieiunus
991 1228 1082 1284 quam

55 1315 187 1372 pransus
210 1297 323 1357 modice
346 1299 499 1362 munduca.

129 1387 174 1446 De
201 1387 355 1460 pulmonis
382 1388 490 1449 dolore.
536 1385 611 1446 Cum
643 1387 715 1445 mali
745 1389 776 1446 et
807 1387 913 1446 foetidi
945 1388 1083 1446 humores

56 1475 180 1533 fumum
203 1477 240 1534 ad
263 1477 416 1536 cerebrum
439 1476 566 1536 hominis
589 1477 741 1552 emittunt,
771 1475 853 1552 quod
885 1476 1011 1535 eundem
1034 1475 1080 1534 fu·

57 1584 145 1623 mum
168 1564 206 1623 ad
227 1567 398 1641 pulmonem
422 1566 506 1625 ducit
528 1571 558 1625 et
579 1566 667 1624 illum
690 1565 791 1624 dolere
814 1567 894 1641 facit,
917 1566 1005 1625 homo
1028 1566 1079 1624 ille
1093 1578 1120 1622 ss

59 1655 232 1716 lwnebwurt
254 1655 381 1731 accipiat
402 1659 433 1714 et
455 1675 519 1714 eam
541 1656 573 1713 in
596 1674 674 1730 aqua
697 1658 859 1756 coquatqet
880 1655 986 1713 nonin
1002 1655 1079 1725 vino,

60 1743 135 1821 quia
156 1742 248 1803 herba
270 1745 342 1804 haee
365 1763 433 1804 cum
455 1745 525 1803 vino
549 1748 632 1804 cocta
654 1744 742 1802 nimis
764 1744 851 1802 fortis
874 1748 956 1819 esset,
984 1747 1015 1802 et
1037 1744 1080 1802 ita

60 1835 177 1892 coctam
213 1833 245 1891 in
283 1835 344 1893 olla
374 1833 509 1892 dimittat
538 1835 568 1892 et
601 1852 655 1909 per
686 1833 883 1908 septimanam
914 1833 998 1893 bibat
1027 1851 1081 1907 per

59 1940 194 1998 pannum
210 1922 345 1984 celatam.
375 1923 505 1982 Etcum
527 1925 617 1997 pctus
639 1922 695 1982 iste
718 1922 867 1998 defecerit,
889 1922 1000 1982 iterum
1024 1922 1078 1980 aliss

59 2030 115 2068 um
138 2012 240 2070 eodem
263 2011 351 2071 modo
374 2015 490 2087 coquat.
520 2010 642 2070 Ieiunus
662 2014 762 2072 autem
783 2031 838 2088 per
860 2012 993 2089 singulos
1016 2012 1078 2070 dies
1092 2023 1120 2067 sc

60 2119 131 2158 eum
146 2099 230 2160 bibat
244 2103 274 2160 et
288 2105 447 2178 postquam
462 2100 631 2173 comederit,
646 2119 741 2176 usque
757 2101 829 2160 dum
844 2105 976 2162 sanetur.
1006 2099 1081 2159 Nam

60 2190 98 2249 de
121 2189 224 2249 dolore
248 2190 344 2250 cordis
368 2192 398 2249 et
421 2192 518 2250 calore
541 2190 687 2249 stomachi
711 2192 814 2266 pulmo
837 2191 1011 2250 multotiens
1034 2190 1081 2247 in-

60 2280 208 2354 firmatur,
242 2280 313 2357 quic
346 2279 552 2339 infirmitatem
585 2279 737 2356 frigiditas
770 2278 879 2339 herbae
902 2280 991 2338 buius
1015 2298 1083 2337 cum

61 2368 211 2430 suavitate
234 2388 329 2446 aquae
351 2372 518 2445 temperata
540 2369 630 2431 sedat.
680 2368 816 2443 †Accipe
849 2373 949 2428 autem
979 2368 1083 2427 baccas

61 2459 214 2520 walcelder
234 2464 264 2519 et
283 2459 328 2519 bis
344 2462 462 2519 tantum
482 2458 615 2531 wallone,
638 2461 676 2517 ut
696 2458 801 2516 baccae
821 2457 989 2516 webalders
1004 2459 1082 2532 sunt,
1096 2465 1124 2511 25

61 2551 93 2609 et
117 2550 247 2609 bertram
277 2549 323 2608 bis
351 2553 482 2623 tantum,
513 2551 549 2607 ut
570 2549 694 2609 wullena
721 2549 778 2622 est,
802 2549 833 2605 et
859 2547 931 2605 haee
953 2547 984 2605 in
1007 2565 1083 2621 puro

61 2642 94 2699 et
126 2638 203 2698 bono
236 2639 306 2698 vino
339 2659 447 2716 coqne3
481 2636 562 2713 qnod
584 2639 742 2712 postquam
766 2636 877 2711 feceris,
904 2635 949 2694 ita
970 2637 1002 2694 in
1025 2636 1085 2694 olla

61 2728 182 2788 dimitte
216 2731 246 2787 et
280 2729 407 2789 crudum
440 2731 471 2787 et
501 2728 532 2784 in
567 2726 683 2785 modica
713 2725 809 2784 frusta
840 2725 967 2784 incisum
999 2725 1085 2784 elom

62 2819 183 2893 impone
214 2836 249 2876 ac
280 2818 322 2877 sic
351 2837 406 2894 per
436 2835 569 2892 pannum
604 2816 734 2874 colatum
767 2833 820 2891 per
852 2813 926 2873 duas
953 2815 1085 2874 veltres

63 2908 243 2982 septimanas
266 2907 384 2967 ieiunus
407 2906 521 2966 modice
536 2904 620 2977 bibe;
645 2904 735 2964 simili
750 2904 838 2962 modo
855 2907 969 2979 etpost
984 2902 1083 2963 cibum
1096 2909 1125 2956 ³⁰

62 3000 153 3056 tuum
175 2996 276 3056 bibere
299 3001 384 3072 potes
413 3000 443 3057 et
474 2996 518 3054 ita
541 2995 614 3053 dum
636 2994 756 3057 saneris.
801 2992 941 3069 †Acoipe
963 3011 1084 3070 queque

63 3086 136 3146 dille
158 3091 189 3145 et
211 3086 368 3146 libesttctel
389 3089 436 3145 ter
457 3089 583 3155 tantum,
606 3085 643 3142 ut
665 3083 735 3142 dille
758 3086 810 3158 est,
834 3087 864 3142 et
878 3083 1084 3143 beilcrcezrele

61 3179 191 3251 tantum,
214 3178 251 3233 ut
270 3175 342 3234 dille
358 3178 409 3250 est,
434 3177 523 3250 atque
547 3192 615 3232 cum
638 3190 716 3248 puro
741 3174 771 3231 et
792 3172 869 3231 beno
893 3172 962 3231 vino
987 3175 1083 3231 coctas

61 3273 92 3324 et
114 3265 158 3323 ita
180 3265 211 3323 in
235 3263 296 3323 olla
318 3264 460 3338 dimissas,
489 3281 585 3338 nsque
608 3262 679 3321 dum
703 3280 840 3337 saporem
863 3279 952 3320 suum
975 3262 1083 3331 tenent,

61 3372 116 3428 per
138 3372 271 3429 pannum
294 3354 403 3413 celatas
426 3350 526 3412 bibere
548 3354 633 3427 potes
651 3354 681 3411 et
695 3351 813 3410 ieiunus
830 3353 860 3409 et
875 3366 1008 3425 pransus,
1033 3346 1083 3406 sed
1097 3354 1126 3400 35

63 3446 164 3501 tamen
186 3443 301 3501 modice
324 3445 355 3501 et
378 3442 512 3505 discrete.
561 3440 615 3502 Set
637 3441 691 3501 alii
708 3439 852 3501 hommes
871 3440 962 3509 suut,
986 3436 1047 3507 usin
1057 3435 1104 3486 'm

53 3529 190 3586 nubiloso
225 3533 256 3588 et
286 3530 414 3592 humida
454 3534 607 3613 temperie
648 3533 730 3595 aeris
769 3527 1011 3603 concipiendum
1041 3514 1132 3571 mue
