2460 3862
345 112 487 167 onosma
507 113 554 168 ΕΤ
573 113 696 169 CURAE
715 114 782 168 LlB.
801 116 836 168 II.
1035 123 1096 182 137

75 296 170 354 habet
190 300 228 355 ut
250 316 354 356 cervus
378 298 415 355 ad
437 297 564 373 fontem,
587 299 629 357 sic
650 298 713 374 ipse
736 300 877 358 velociter
900 300 938 357 ad
960 301 1100 360 feminam

76 386 176 445 currit
198 389 227 444 et
255 386 365 444 femina
392 387 428 444 ad
458 388 557 463 ipsum
589 387 620 445 in
652 388 846 447 similitudine
878 389 976 449 horrei
1008 410 1099 465 areae,

77 494 158 550 quae
191 475 293 534 multis
324 475 432 535 ictibus
460 476 628 551 percutitur
652 480 682 536 et
705 478 742 537 ad
765 479 893 537 calorem
916 479 1100 556 perducitur,

75 582 146 622 cnm
171 584 262 641 grana
284 565 315 622 in
339 584 372 623 ao
396 566 598 626 excutiuntur.

145 654 191 712 Dc
215 655 460 728 coucupiscentia.
506 653 581 713 Cum
612 655 769 715 delectatio
797 657 828 715 in
850 656 970 716 homine
993 658 1129 735 surgite

77 741 114 800 ab
138 743 209 818 igne
232 744 378 802 medullae
401 744 556 805 excitatur.
603 743 684 821 Ignis
708 748 809 805 autem
832 745 979 804 medullae
1003 746 1101 805 diver-

76 831 116 890 sis
140 831 236 891 modis
258 832 288 890 in
309 832 428 891 bomine
451 833 562 910 surgit,
590 834 701 893 scilicet
724 837 778 893 aut
800 836 836 893 de
859 835 960 910 inepta
987 836 1102 894 laetitia

78 920 282 980 dissolutionis
315 927 367 982 ant
400 922 436 981 de
466 923 668 983 immoderatis
696 924 769 984 cibis
793 927 823 982 at
845 924 966 1001 potibus
989 927 1042 982 aut
1065 925 1101 983 de

76 1011 163 1070 vanis
186 1013 217 1069 et
239 1012 396 1085 superfluis
419 1012 657 1090 cogitationibus,
681 1015 711 1071 et
732 1012 777 1072 ita
798 1013 948 1072 hominem
971 1015 1054 1071 extra
1069 1032 1100 1073 se

77 1098 172 1160 ducit.
217 1099 242 1157 Ε
287 1100 365 1177 ignis
395 1102 542 1160 medullae
569 1101 694 1160 bominis
716 1102 847 1162 incendit
868 1102 1100 1174 delectationem,
1115 1111 1142 1156 10

76 1208 154 1265 quae
177 1192 301 1265 gustum
323 1191 435 1266 peccati
457 1190 554 1266 habet,
583 1193 615 1250 et
641 1192 713 1249 tunc
736 1190 893 1251 delectatio
917 1211 985 1251 cum
1007 1194 1101 1269 gustu

76 1278 227 1338 fervorem
248 1279 279 1337 in
312 1280 453 1356 sanguine
483 1281 567 1338 velut
599 1282 803 1355 tempestatem
832 1281 912 1353 facit,
943 1281 987 1339 ita
1019 1281 1102 1357 quod

76 1368 200 1444 sangnis
231 1386 366 1443 spumam
398 1369 470 1428 facit
497 1371 528 1428 et
550 1387 686 1446 spumam
709 1369 792 1428 illam
814 1371 942 1429 similem
964 1370 1036 1429 lacti
1064 1371 1101 1428 ad

77 1475 217 1516 cavernas
244 1457 421 1533 genitalium
452 1459 484 1516 in
516 1457 671 1518 dulcedine
706 1458 803 1534 ducit,
836 1460 907 1535 quia
937 1460 998 1517 iam
1028 1462 1100 1518 tunc

76 1548 162 1605 cocta
185 1550 215 1605 et
229 1551 348 1605 matura
363 1550 414 1622 est,
439 1548 581 1624 quoniam
597 1548 691 1606 omnis
706 1548 797 1622 cibus,
820 1552 980 1624 postquam
996 1549 1097 1624 coqui·
1114 1556 1141 1601 15

75 1638 129 1694 tur
153 1637 183 1693 et
205 1638 362 1712 postquam
386 1635 423 1695 ad
450 1637 655 1696 maturitatem
677 1637 860 1713 perducitur,
897 1637 1012 1696 dulcior
1046 1640 1099 1713 est,

77 1743 170 1800 quam
193 1728 260 1784 ante
283 1725 445 1785 coctionem
470 1730 500 1785 et
522 1746 612 1802 quam
635 1730 702 1785 ante
725 1727 929 1786 maturitatem
952 1745 1036 1785 susm
1052 1727 1101 1787 sit.

76 1812 136 1872 Sed
160 1814 244 1872 etin
266 1814 332 1874 loco
356 1815 416 1890 illo,
439 1814 492 1874 ubi
515 1818 580 1875 tota
603 1816 648 1875 vis
671 1835 813 1876 venarum
838 1817 890 1891 est,
914 1816 1100 1875 dulcedinem

75 1902 151 1961 banc
174 1903 276 1979 sentit,
309 1904 380 1980 quia
403 1904 493 1964 etiam
517 1905 641 1964 dulcedo
663 1905 736 1964 haec
763 1905 799 1963 de
826 1905 919 1981 venis,
951 1909 989 1964 ut
1016 1925 1100 1981 prae-

78 1993 269 2064 dictumest,
304 1993 447 2070 procedit,
483 1997 513 2052 et
539 1997 575 2053 nt
609 1995 698 2053 etiam
721 1994 794 2053 odor
818 1997 848 2052 et
870 2013 958 2070 sapor
982 1998 1012 2054 et
1034 1999 1141 2054 totam

76 2082 122 2141 vis
145 2082 210 2142 vini
232 2082 263 2140 in
286 2102 346 2141 uno
369 2084 435 2142 loco
458 2084 536 2143 vasis
560 2084 721 2160 egreditur.
754 2083 839 2153 Quod
856 2084 881 2142 si
896 2084 984 2142 homo
1007 2085 1099 2143 inter·

77 2170 152 2229 dum
185 2171 414 2248 cogitationibus
444 2172 475 2230 in
506 2173 700 2231 delectatione
729 2174 884 2249 fatigatur,
916 2179 987 2231 tunc
1011 2174 1098 2231 etism

77 2261 237 2337 aliquando
271 2261 382 2337 absque
418 2261 503 2322 tactu
539 2280 675 2336 spumam
707 2265 826 2320 tantum
857 2263 888 2319 in
920 2261 1099 2338 genitalibus

77 2349 199 2424 emittit,
222 2350 305 2409 velut
328 2370 417 2427 aqua,
446 2369 521 2427 quae
544 2356 633 2410 rento
657 2353 738 2409 mota
761 2370 897 2427 spumam
921 2351 957 2409 de
980 2369 1010 2409 se
1033 2368 1099 2425 pro-

76 2439 170 2500 ducit.
226 2438 257 2497 Si
291 2442 391 2498 autem
424 2441 487 2499 solo
522 2443 606 2499 tactu
641 2440 816 2515 delectatur,
857 2443 929 2498 tunc
963 2458 1099 2514 spumam
1112 2448 1140 2493 25

76 2532 198 2587 tenuem
222 2530 253 2588 et
284 2529 435 2588 turbidam
467 2548 500 2588 ac
532 2529 720 2588 semicoctam
751 2530 877 2588 similem
915 2529 998 2587 tenui
1028 2529 1099 2586 lacti

77 2617 213 2688 effundit,
238 2619 377 2693 quoniam
402 2619 496 2677 alieno
521 2618 589 2695 igne
605 2621 689 2677 cocta
704 2637 762 2677 non
778 2621 830 2681 est.
874 2616 949 2675 Nam
965 2620 1002 2676 ut
1017 2618 1098 2675 cibus

77 2726 131 2766 suo
156 2707 287 2766 naturali
310 2708 378 2783 igne
400 2727 454 2782 per
477 2727 507 2766 se
530 2726 588 2766 non
612 2707 761 2783 coquitur,
794 2707 850 2766 nisi
882 2707 994 2766 alienus
1022 2706 1099 2783 ignis

77 2796 215 2867 addatur,
243 2796 287 2854 ita
310 2796 399 2855 etiam
421 2815 520 2855 semen
542 2796 669 2855 hominis
692 2817 752 2855 non
774 2797 952 2871 producitur
979 2796 1016 2854 ad
1038 2797 1098 2872 ple·

76 2906 150 2945 num
183 2888 309 2960 coctum,
339 2886 396 2944 nisi
426 2886 522 2945 alieno
552 2887 621 2962 igne
645 2885 811 2950 adiuvetur,
855 2885 940 2944 Unde
963 2886 991 2944 si
1011 2886 1099 2944 horno
1113 2893 1141 2940 30
1196 2952 1200 2957 .

78 2994 146 3035 cnm
180 2976 238 3034 alio
267 2974 385 3033 homine
415 2976 463 3033 vel
494 2994 561 3034 oum
590 2976 648 3034 alia
671 2976 801 3034 sensibili
831 2980 861 3034 et
883 2976 996 3034 viventi
1019 2994 1097 3034 crea·

77 3068 148 3123 tura
170 3065 202 3122 in
234 3063 426 3123 delectatione
450 3068 502 3139 est,
533 3069 605 3124 tunc
632 3083 730 3123 semen
760 3065 830 3141 igne
863 3066 1019 3122 amborum
1050 3084 1096 3123 ex-

78 3158 197 3214 coctum
220 3156 251 3212 et
273 3153 369 3211 simile
397 3153 504 3230 pingui
532 3156 561 3213 et
588 3155 691 3229 plenae
720 3155 866 3212 medullae
895 3153 1014 3214 emittit.
1060 3153 1099 3210 Et

77 3244 101 3302 si
124 3247 200 3301 tunc
222 3243 371 3301 masculus
394 3243 425 3300 in
448 3244 511 3319 ipss
535 3243 674 3302 effusione
696 3244 814 3302 seminis
837 3244 884 3302 sui
907 3262 975 3301 oum
990 3241 1099 3299 femina
1191 3308 1193 3314 y

77 3335 129 3407 est,
152 3351 251 3391 semen
273 3350 362 3390 suum
384 3333 415 3389 in
438 3336 553 3392 rectum
576 3334 674 3391 locum
698 3333 832 3408 effundit,
855 3332 939 3392 velut
961 3331 1020 3404 ille,
1044 3329 1098 3405 qui
1111 3337 1138 3381 35

77 3424 192 3482 coctam
216 3439 310 3481 escam
334 3421 370 3479 de
394 3422 453 3479 olla
476 3423 506 3480 in
523 3423 677 3481 scutellam
701 3422 738 3479 ad
759 3422 968 3480 comedendum
993 3419 1096 3477 mittit.

76 3511 107 3570 si
132 3515 233 3570 antem
256 3530 324 3570 cum
347 3511 455 3569 femina
477 3530 536 3570 non
560 3515 612 3584 est,
636 3511 686 3571 sed
702 3530 769 3570 cum
786 3512 844 3569 alia
858 3513 997 3569 creatura
1008 3511 1097 3565 uatu-
