2460 3862
121 143 183 204 170
507 133 752 191 HILDEGARDIS

123 316 147 401 ¹)
156 321 213 381 Sed
237 325 267 381 et
291 321 328 379 ad
349 321 459 379 flumen
482 318 572 379 vadat
598 324 652 379 aut
677 338 786 379 novam
816 337 925 396 aquam
952 316 985 375 in
1015 312 1123 391 aliquod

120 430 172 471 vas
194 411 301 470 fundat
324 413 354 469 et
377 411 503 484 desuper
524 410 668 469 inclinans
694 408 851 468 humorem
881 405 1013 467 eiusdem
1042 421 1124 480 aquae

121 500 216 560 oculis
241 499 375 575 excipiat,
400 502 431 558 et
451 499 494 558 sio
516 499 624 559 humor
638 500 689 558 ille
705 519 813 576 aquam
832 497 989 558 oculorum
1004 512 1125 567 suorum,

121 608 197 666 quae
229 589 290 647 iam
322 588 354 647 in
387 588 460 664 ipsis
492 589 607 665 arescit,
640 590 749 648 excitat
781 592 811 649 et
841 605 890 648 eoa
917 585 1033 645 lucidos
1055 583 1125 642 fecit.

94 678 247 737 oLineum
270 697 390 755 quoque
412 696 544 752 pannum
567 679 693 755 accipiat
715 681 746 737 et
772 679 860 737 illum
881 677 914 735 in
936 694 1014 753 pura
1036 678 1067 733 et
1087 672 1126 730 fri·

121 768 192 845 gida
215 787 292 843 aqua
314 768 467 844 intinguat
489 787 523 826 ac
545 787 614 827 eum
637 769 679 827 sic
700 767 886 844 temporibus
908 767 940 825 ct
963 764 1056 824 oculis
1077 758 1145 822 auis¹

123 857 346 934 circumponens
368 857 451 934 ligat,
483 876 597 932 carena,
630 877 666 916 ne
689 859 790 918 oculos
818 855 942 916 interius
965 856 1079 929 tangat,
1099 867 1126 909 ne

122 946 158 1006 ab
183 967 261 1022 aqua
276 946 489 1007 exulcerentur.
529 947 599 1007 Ideo
616 952 715 1007 autem
730 947 809 1006 lineo
824 963 930 1022 panno,
954 943 1036 1019 quod
1050 957 1126 1001 suave

122 1039 176 1107 est,
213 1036 314 1095 oculos
349 1036 523 1096 madefacies
557 1040 587 1096 et
620 1036 732 1114 frigida
766 1055 856 1112 aqua,
888 1032 1032 1111 quatinus
1063 1046 1127 1105 aqua

83 1144 110 1187 10
124 1125 279 1184 oculorum
302 1143 355 1200 per
379 1143 486 1199 aquam
510 1126 597 1186 istam
621 1127 658 1185 ad
684 1127 782 1186 visum
813 1123 1017 1185 resuscitetur.
1063 1117 1127 1189 Quia

122 1215 200 1273 enim
222 1214 301 1273 oculi
323 1214 404 1290 ignei
427 1217 505 1286 sunt,
529 1215 565 1274 de
584 1216 653 1293 igne
669 1215 811 1291 pellicula
826 1213 982 1273 oculorum
998 1209 1125 1285 exspisse·

122 1310 182 1378 tur,
206 1308 320 1363 etcum
336 1323 422 1378 aqua,
447 1306 482 1361 ut
496 1305 681 1380 praedictum
697 1308 750 1376 est,
773 1303 917 1379 tangitur,
934 1302 1038 1361 eadem
1052 1295 1125 1376 pelli·

123 1394 191 1452 cula
212 1412 265 1469 por
288 1392 486 1468 frigiditatem
510 1398 540 1452 et
563 1393 772 1454 humiditatem
795 1411 890 1468 aquae
913 1393 1094 1450 attenuatur.

191 1485 237 1542 Dc
252 1482 346 1541 ccctis
358 1483 475 1557 griseis.
511 1475 618 1560 ²)Oum
640 1483 749 1559 aliquis
772 1483 884 1559 griseos
906 1481 1009 1540 oculos
1031 1478 1128 1538 habens

83 1586 110 1632 15
123 1572 154 1630 in
177 1572 218 1630 eis
241 1571 342 1647 aliquo
365 1571 454 1630 modo
479 1572 587 1649 caligat
609 1578 639 1630 et
661 1572 750 1643 dolet,
774 1589 842 1630 cum
865 1569 952 1629 dolor
976 1570 1028 1628 ille
1045 1566 1128 1627 adhuc

124 1679 222 1720 recens
244 1663 296 1736 est,
320 1661 483 1720 feniculum
505 1662 553 1720 vel
583 1679 680 1720 semen
708 1661 772 1719 eius
803 1659 931 1734 accipiat
952 1661 983 1717 et
1005 1661 1087 1717 terat
1106 1657 1129 1714 et
1168 1652 1171 1665 '

124 1751 165 1809 sic
195 1753 294 1808 sumat
325 1768 446 1809 succum
473 1750 536 1809 eius
559 1753 717 1826 atrorem,
741 1769 829 1826 quem
853 1766 943 1824 super
968 1752 1050 1807 recto
1074 1764 1128 1823 gra·

125 1839 203 1897 mine
225 1839 379 1914 invenerit,
411 1844 440 1898 et
471 1840 621 1899 modicum
648 1839 794 1898 farinulae
816 1838 935 1899 similae
958 1841 990 1896 et
1011 1836 1084 1895 haec
1104 1836 1131 1891 ut

125 1927 279 1987 tortellum
306 1929 492 1987 commisceat
518 1933 609 2004 atque
638 1929 669 1987 in
699 1933 786 1988 nocte
818 1927 912 1987 oculis
943 1927 1006 1985 suis
1041 1941 1131 2000 super·

84 2019 216 2092 reponat
249 2021 280 2075 et
312 2035 409 2091 panno
442 2018 530 2094 liget,
563 2022 593 2077 et
619 2018 726 2078 melius
753 2016 882 2076 habebit.
929 2014 1036 2074 Suavis
1066 2015 1131 2074 enim

126 2107 207 2165 calor
229 2105 351 2164 feniculi
374 2123 442 2164 cum
464 2126 531 2166 rore
554 2109 584 2166 et
606 2107 784 2166 fortitudine
811 2105 924 2165 similae
952 2108 1132 2180 temperatus

126 2196 241 2255 dolores
272 2194 325 2253 hos
356 2195 461 2257 aufert.
506 2194 581 2254 Nam
613 2197 703 2274 grisei
733 2195 811 2255 oculi
842 2195 878 2254 de
911 2212 979 2253 aere
1008 2192 1132 2269 suntet

125 2286 191 2345 ideo
214 2302 264 2343 ros
287 2284 332 2343 his
355 2286 594 2360 temperamentis
616 2285 746 2345 additur.

192 2375 238 2433 De
260 2374 354 2433 oculis
375 2375 480 2448 1911113.
514 2366 576 2454 3)ὃὶ
598 2375 695 2450 homo,
719 2374 772 2451 qui
794 2373 896 2450 igneos
919 2374 1020 2432 oculos
1044 2371 1136 2442 habet,

85 2475 114 2521 25
127 2463 157 2522 in
181 2463 222 2522 eis
246 2463 357 2540 caligat
378 2466 408 2522 et
431 2464 519 2536 dolet,
542 2482 663 2524 succum
685 2464 781 2523 violae
806 2462 931 2539 accipiat
953 2465 985 2520 et
1007 2460 1055 2520 bis
1078 2465 1135 2520 tau·

127 2556 193 2612 tum
216 2553 251 2611 de
274 2570 362 2611 succo
385 2571 520 2612 rosarum
543 2557 574 2612 et
596 2553 676 2612 succi
699 2552 819 2611 feniculi
842 2549 1007 2611 secundum
1022 2552 1136 2610 tertiam

127 2644 243 2717 partem
254 2660 397 2716 rosarum,
410 2642 496 2702 ethis
507 2642 657 2701 modicum
671 2642 733 2701 vini
746 2641 843 2717 addat,
856 2644 887 2699 et
898 2658 967 2699 cnm
980 2639 1138 2700 dormitum

128 2731 224 2802 vadat,
241 2731 399 2807 collyrium
415 2731 470 2790 hoc
485 2733 562 2791 circa
578 2733 680 2791 oculos
703 2749 771 2790 suos
793 2733 897 2806 ungat,
926 2733 1082 2804 (cavens)
1109 2746 1140 2786 ne

129 2819 205 2878 forte
227 2823 350 2895 propter
372 2820 579 2880 fortitudinem
602 2821 665 2880 eius
693 2820 858 2881 laedantur.
903 2816 961 2877 Sed
993 2819 1019 2878 si
1047 2824 1141 2878 tamen

85 2908 230 2967 sacculos
245 2909 369 2967 interius
384 2910 498 2969 modice
513 2909 656 2987 tetigerit,
672 2928 730 2968 uon
748 2910 879 2968 multam
890 2907 959 2966 inde
976 2907 1142 2968 laeduntur.

131 2995 205 3055 Nam
229 2997 310 3072 quod
335 2998 414 3057 oculi
436 2999 486 3058 isti
509 2999 545 3057 de
567 2999 636 3076 igne
659 3002 736 3074 sunt,
759 3017 827 3058 cum
850 3016 940 3075 suave
962 2997 1064 3074 frigus
1086 2999 1144 3058 vio·

131 3087 176 3145 lae
208 3089 238 3145 et
267 3105 357 3146 suave
388 3087 485 3165 frigus
518 3106 652 3147 rosarum
685 3107 753 3147 cum
784 3087 931 3147 suavitate
965 3086 1092 3146 feniculi
1120 3088 1147 3145 et

131 3176 229 3235 calore
252 3176 314 3234 vini
337 3180 550 3253 temperantur,
583 3177 724 3253 quoniam
757 3177 855 3236 omnia
882 3176 952 3234 haec
980 3176 1011 3234 in
1039 3179 1147 3235 aestate

132 3266 234 3343 vigent
257 3267 287 3324 et
310 3265 345 3325 de
369 3267 453 3327 suavi
476 3267 573 3326 calore
597 3269 739 3341 crescunt,
772 3265 928 3342 caliginem
956 3268 986 3322 et
1015 3265 1149 3325 dolorem

132 3408 345 3416 -ι--υω-ᾕ-

205 3475 225 3546 1)
253 3495 278 3530 v.
299 3477 386 3531 1-13
405 3501 440 3551 ς
458 3475 555 3546 usgue
575 3476 642 3530 1211
669 3475 700 3529 a.
724 3504 758 3514 -
782 3471 807 3544 2)
830 3491 854 3528 v.
875 3472 981 3530 14-20
1001 3499 1033 3519 =
1056 3474 1152 3546 origne

128 3547 200 3600 1157
220 3547 314 3604 1-11.
336 3579 369 3588 -
390 3545 414 3620 ³)
433 3567 460 3603 v.
479 3547 585 3602 24-28
605 3573 637 3592 =
657 3542 894 3618 urguentes.
