2460 3862
319 125 461 182 cenans
479 126 526 181 nn
545 125 665 181 onaan
683 126 750 183 nie.
769 126 817 181 ru.
1016 132 1077 190 199
1171 96 1177 103 ’

59 313 125 371 rius
148 314 261 387 tangat,
286 312 317 369 et
339 310 466 385 desuper
488 329 585 386 panno
608 310 682 387 liget
704 310 766 369 fere
788 329 884 386 usque
900 311 937 370 ad
952 310 1078 369 mediam

58 404 178 460 noctem
200 405 231 460 et
252 403 325 458 tunc
348 399 472 460 auferat.
504 399 569 458 Hoc
591 400 670 459 facto
694 419 763 458 mox
787 401 906 476 optimo
928 403 959 459 et
980 399 1077 476 puris·

59 492 136 550 simo
158 490 228 550 vino
252 489 321 548 eilia
343 489 499 548 oculorum
521 489 636 548 modice
652 489 858 551 circumliniat.
904 488 981 547 Nam
1000 490 1080 549 calor·

58 579 212 638 millefolii
246 581 330 637 sanat
364 581 394 637 et
423 596 527 638 succus
560 579 623 638 eius
658 578 845 654 aliquantum
877 597 943 637 acer
975 582 1019 638 est
1050 585 1080 638 et

59 669 162 728 ulcera
189 668 323 738 mundat,
348 671 386 726 vet
409 667 490 744 quod
513 669 604 728 etiam
626 668 731 727 vinum
753 668 883 726 calidum
906 672 951 727 est
973 671 1003 727 et
1025 669 1107 726 ali-5

59 761 208 834 quantum
231 775 333 816 acrum
356 759 408 831 est,
432 758 625 817 acerbitatem
647 757 727 816 succi
750 757 899 816 millefolii
919 759 1026 831 aufert,
1050 762 1080 816 et

58 847 102 906 sic
125 847 206 906 oculi
229 854 378 909 sanantur.

131 936 267 995 Dra-risu
290 935 491 997 inmoderato.
537 935 597 1006 Qui
619 934 717 994 multo
740 938 771 995 et
793 935 989 994 immoderato
1016 935 1080 994 risu

186 1027 218 1084 et
240 1042 398 1084 concussus
421 1024 510 1100 dolet,
542 1043 648 1084 nucem
679 1027 842 1083 muscatam
863 1026 1028 1100 pulverizet
1050 1029 1080 1084 et

10 976 331 1274 Ν
347 1113 462 1172 zuccari
477 1113 568 1173 addat
589 1117 620 1171 et
642 1114 684 1173 sic
707 1115 847 1172 calefacto
862 1114 931 1174 vino
947 1115 1120 1189 imponat10

62 1208 92 1262 et
112 1202 191 1262 illud
214 1207 276 1262 tarn
306 1203 421 1261 'iunus
450 1222 541 1279 quam
567 1221 693 1277 pransus
724 1202 830 1262 bibat<
862 1202 1079 1263 Immoderatus

63 1292 142 1350 enim
164 1292 242 1352 risus
265 1292 436 1367 pulmonem
458 1292 580 1352 arefacit
603 1297 633 1351 et
654 1293 737 1351 iecur
760 1293 902 1367 concutit,
926 1293 977 1352 sed
999 1293 1079 1352 calor

64 1381 146 1441 nucis
170 1384 319 1440 muscatae
341 1382 423 1440 iecur
445 1386 537 1457 sanat,
561 1384 592 1440 et
614 1383 695 1441 calor
718 1385 748 1440 et
763 1400 868 1441 succus
884 1382 1000 1442 zuccari
1014 1383 1079 1458 pul-

64 1489 181 1529 monem
204 1473 335 1530 renovat.
380 1471 420 1528 Et
452 1489 521 1529 cum
551 1470 624 1530 haec
656 1471 780 1530 alterato
805 1472 900 1530 calore
923 1471 985 1530 vini
1008 1475 1079 1530 tem-

64 1564 205 1634 perantur
220 1560 308 1619 etita
328 1561 497 1631 sumuntur,
520 1559 613 1619 bonos
628 1559 768 1619 humores
783 1580 837 1635 per
851 1561 1079 1620 immoderatum
1092 1567 1120 1612 1⁵

10 1716 12 1733 ἰ
65 1650 156 1708 risum
179 1649 345 1709 destructos
367 1650 541 1709 restituunt.

128 1738 174 1797 De
196 1739 342 1799 ebrietate.
387 1737 430 1796 Ut
464 1738 563 1798 ebrius
597 1739 634 1796 ad
669 1757 700 1797 se
736 1738 846 1814 redeat,
885 1739 1078 1798 caniculatem

64 1827 149 1886 tollat
172 1830 203 1886 et
229 1846 293 1886 eam
315 1828 348 1886 in
376 1827 518 1904 frigidam
545 1847 654 1904 aquam
687 1833 779 1903 ponat
813 1833 843 1887 et
876 1846 944 1886 cum
978 1829 1079 1888 eadem

61 1933 139 1992 aqua
163 1917 293 1975 Frontem
316 1920 347 1975 et
368 1919 504 1992 tempora
527 1935 561 1976 ao
583 1920 691 1994 guttur
714 1937 803 1976 suum
831 1917 1018 1993 madefaciat,
1050 1922 1080 1977 et

60 2005 98 2063 ed
121 2024 152 2064 se
175 2005 326 2065 redeundo
350 2006 454 2065 melius
476 2004 606 2077 habebit,
631 2006 805 2082 quodcum
828 2007 979 2083 frigiditas
999 2009 1076 2067 cani·
1091 2015 1119 2060 ‘ro

58 2094 180 2154 eulatse
202 2095 364 2172 frigiditati
387 2115 480 2170 aquae
497 2097 697 2171 coniungitur,
721 2097 882 2172 procellam
898 2100 927 2156 et
943 2097 1078 2167 calorem,

54 2184 115 2259 qui
136 2185 170 2242 in
197 2184 279 2244 venis
313 2185 421 2243 frontis
455 2187 485 2243 et
506 2188 678 2260 temporum
711 2185 839 2244 hominis
873 2189 953 2261 sunt,
987 2186 1078 2248 sedat.

53 2271 148 2343 Quod
182 2273 208 2332 si
241 2273 272 2332 in
295 2277 438 2332 autumno
468 2277 521 2349 est,
556 2273 592 2332 de
623 2274 715 2333 cruda
744 2275 806 2334 vite
833 2275 988 2349 palmitem
1010 2293 1078 2333 cum

49 2361 230 2422 recentibus
253 2362 334 2422 foliis
357 2363 484 2438 accipiat
506 2366 537 2422 et
559 2363 652 2422 fronti
667 2367 698 2422 et
712 2364 897 2439 temporibus
912 2382 946 2422 ac
960 2364 1079 2439 gutturi

55 2467 118 2510 suo
143 2452 356 2527 circumponet,
380 2456 410 2511 et
432 2452 668 2529 refrigerabitur,
700 2453 839 2528 quoniam
867 2453 960 2510 maior
982 2452 1078 2511 virtus
1091 2461 1119 2505 25

47 2558 94 2599 eo
118 2541 254 2615 tempore
277 2541 308 2598 in
331 2542 505 2617 palmitibus
528 2542 599 2600 vitis
623 2544 668 2600 est
691 2561 780 2617 quarn
804 2541 863 2599 alio
883 2545 1024 2616 tempore,
1048 2545 1078 2600 et

48 2626 128 2687 ideo
152 2632 225 2689 tunc
246 2632 370 2706 propter
392 2632 530 2688 naturam
554 2635 584 2690 et
607 2630 815 2707 cognationem
837 2631 899 2690 vini
918 2631 1079 2706 procellam

53 2722 92 2776 et
114 2719 339 2778 inundationem
362 2719 439 2794 vini,
469 2739 544 2796 quae
567 2722 599 2778 in
622 2720 705 2779 venis
727 2720 833 2779 frontis
855 2724 886 2778 et
908 2723 1078 2795 temporum

49 2826 94 2865 ac
125 2809 260 2884 gutturis
290 2808 418 2867 hominis
445 2811 523 2880 sunt,
553 2809 683 2886 mitigat.
727 2809 759 2868 si
782 2810 880 2868 omnia
902 2808 974 2868 haec
996 2829 1077 2885 prae·

54 2896 141 2955 dicta
170 2896 279 2955 habere
308 2917 367 2956 non
400 2897 520 2974 poterit,
552 2899 717 2957 feniculum
747 2899 795 2957 vel
827 2917 925 2957 semen
957 2900 1118 2958 feniculieo

61 2985 207 3061 comedat,
231 2990 261 3045 et
283 2986 379 3046 lenius
401 2987 529 3058 habebit,
554 2988 635 3063 quod
669 2988 768 3046 suavis
803 2988 882 3046 calor
915 2991 945 3046 et
979 2989 1078 3047 suavis

63 3076 159 3134 virtus
181 3075 304 3134 feniculi
325 3076 470 3135 insaniam
492 3076 554 3136 vini
577 3077 608 3135 in
631 3077 696 3152 ipso
720 3077 889 3153 compescit.

126 3163 179 3222 Ad
202 3167 352 3224 vandum.
387 3159 412 3243 ¹)
420 3165 479 3236 Qui
493 3167 628 3224 nausiam
643 3165 767 3241 patitur,
791 3167 933 3225 ciminum
953 3167 1078 3242 accipiat

64 3258 94 3311 et
123 3252 162 3310 ad
196 3254 259 3314 eius
293 3255 414 3312 tertiam
445 3259 561 3329 partem
583 3255 669 3330 piper
697 3260 787 3331 atque
815 3256 972 3314 bibinellae
995 3257 1078 3314 velut

65 3345 199 3415 quartam
225 3346 342 3419 partem
365 3343 465 3402 cimini
493 3344 617 3403 ethaeo
640 3345 806 3419 pulverizet
829 3348 859 3403 et
882 3363 989 3419 puram
1008 3344 1076 3402 fari·
1089 3353 1117 3398 35

66 3474 276 3486 ——n—

135 3535 157 3603 1)
176 3553 201 3588 v.
213 3533 312 3606 ild-p.
326 3533 412 3602 200‚11
432 3559 467 3579 =
484 3534 581 3606 Mignc
602 3534 671 3588 1138
690 3536 720 3589 B.
