2460 3862
365 118 509 175 closae}
527 119 574 174 ET
594 118 715 174 CURAE
733 119 801 174 LlB.
820 118 841 173 I.
1094 126 1111 184 7

92 306 192 382 frigus
226 303 262 363 de
292 303 396 379 abysso
431 322 520 380 snpra
550 304 672 363 modum
706 321 825 363 sursum
859 304 1024 367 ascendant.
1074 305 1113 364 th

95 394 176 453 idem
199 396 305 453 ventus
329 394 428 452 omnia
450 396 568 452 matura
590 394 670 468 iacit,
698 393 741 452 ite
763 396 800 452 nt
822 395 893 453 folia
915 395 1060 454 silvarum
1083 399 1113 454 et
1191 454 1193 459 .

95 483 240 561 gramina,
272 487 393 559 segetes,
424 501 520 559 poma,
547 483 651 542 vinum
682 486 713 542 et
741 501 841 542 omnes
854 483 994 559 reliquos
1015 488 1112 544 terrae

95 573 215 632 fructus
239 571 277 630 ad
299 573 504 632 maturitatem
526 572 680 648 producat.
716 571 829 631 Ventus
845 590 915 632 vero
939 573 1112 650 septentrio·

93 661 171 720 nelis
194 664 325 736 quatuor
347 661 499 720 columnas
522 661 624 735 habet,
652 679 705 737 per
729 680 801 737 quas
824 664 924 720 totum
944 662 1139 722 firmamen·5

93 755 163 810 tum
194 759 225 810 et
256 753 357 809 totum
387 751 525 826 abyssum
558 751 700 811 continet.
746 749 804 809 Sed
832 769 971 811 cumeae
995 771 1110 812 sursum

95 840 229 911 traxerit,
269 842 341 898 ωηο
377 839 596 899 firmamentum
633 840 671 899 ad
707 839 846 915 abyssum
878 841 1112 917 complicabitur.

96 929 162 988 Hae
189 932 290 988 antem
321 932 453 1005 quatuor
485 929 637 988 columnae
666 932 796 1004 quatuor
831 930 976 989 elementa
1002 934 1112 1005 tenent,

96 1037 173 1094 quae
206 1018 250 1077 ibi
280 1018 313 1076 in
343 1018 444 1077 eadem
477 1018 701 1096 septentrionali
730 1018 819 1096 plaga
846 1019 936 1078 simul
964 1020 1110 1095 congluti-

95 1109 207 1166 nantur
230 1111 260 1166 et
284 1107 431 1167 finiuntur
456 1111 487 1167 et
514 1108 604 1167 etiam
632 1107 716 1166 velut
744 1108 889 1168 columnis
911 1109 1012 1167 innixa
1034 1113 1153 1180 sunt,1o

95 1215 132 1254 ne
155 1196 269 1256 cadant.
316 1195 391 1256 Oum
413 1216 484 1256 vero
506 1196 586 1255 idem
609 1200 715 1256 ventus
742 1199 921 1257 fortitudine
953 1216 1008 1257 sua
1039 1217 1110 1274 qua-

94 1288 165 1345 tuor
199 1287 350 1346 colnmnas
383 1305 451 1346 suas
481 1286 514 1345 in
544 1287 703 1346 novissimo
731 1287 779 1345 die
809 1288 1014 1362 commoverit,
1041 1290 1113 1347 tunc

96 1376 186 1433 etiam
217 1374 438 1435 firmamentum
465 1375 699 1451 complicabitur,
731 1375 816 1435 velut
843 1376 963 1436 tabulae
992 1376 1112 1452 compli-

95 1464 156 1522 cari
186 1464 290 1527 solent.
334 1464 374 1524 Et
406 1468 511 1524 ventus
541 1465 598 1523 iste
626 1465 753 1542 frigidus
781 1468 825 1524 est
848 1468 878 1524 et
908 1466 1005 1542 frigus
1028 1467 1113 1525 affert

95 1556 126 1612 et
147 1555 245 1612 omnia
267 1554 380 1631 frigore
404 1554 581 1630 constringit
604 1557 634 1612 et
649 1554 739 1612 simul
761 1557 850 1626 tenet,
872 1574 908 1612 ne
932 1555 1111 1618 dilabantur.
1127 1569 1154 1612 15

161 1642 207 1702 Dc
230 1644 298 1703 sola.
344 1643 385 1702 Et
408 1644 461 1720 sol,
483 1646 520 1702 ut
541 1643 727 1718 praedictum
750 1646 802 1718 est,
825 1643 857 1702 in
872 1643 954 1719 apice
977 1647 1008 1703 et
1029 1646 1114 1720 quasi

95 1731 127 1789 in
150 1732 248 1790 medio
272 1732 450 1792 firmamenti
477 1733 592 1807 positus
627 1735 670 1790 est
701 1738 731 1791 et
762 1733 867 1809 igneus
899 1736 989 1809 atque
1016 1735 1113 1793 aerius

96 1822 142 1879 est
164 1824 194 1879 et
221 1822 290 1898 igne
322 1839 376 1880 suo
409 1839 525 1880 omnem
557 1822 801 1880 sustentationem
829 1824 860 1880 et
886 1821 1114 1882 fundamentum

95 1911 275 1970 firmamenti
298 1913 329 1969 et
352 1929 456 1982 aerem,
480 1910 584 1984 sidera,
607 1910 707 1970 stellas
730 1916 819 1987 atque
834 1911 934 1986 nubes,
958 1931 994 1970 ne
1009 1912 1115 1971 cadant

96 2002 128 2057 ct
148 2019 186 2058 ne
209 1999 356 2076 diffluant,
380 2000 518 2075 continet,
540 1999 625 2059 velut
644 2002 724 2058 terra
740 2018 839 2060 omnes
856 2005 1014 2075 creaturas,
1039 2021 1114 2076 quae
1127 2013 1154 2058 a)

96 2087 129 2146 in
151 2092 285 2160 cesant,
313 2091 469 2152 sustentat.
515 2087 628 2148 Aether
655 2090 745 2147 etiam
772 2090 946 2165 peripsum
968 2090 1113 2150 firmatur.

97 2175 173 2236 Onm
205 2181 307 2236 autern
334 2177 384 2237 ,sol
415 2178 446 2236 in
478 2177 636 2237 altitudine
667 2178 846 2238 firmamenti
877 2181 944 2254 stat,
979 2180 1057 2256 ignis
1087 2181 1113 2238 ei

96 2267 227 2326 occurrit
249 2270 279 2326 et
302 2268 329 2326 ei
353 2268 527 2331 famulatur.
573 2267 613 2325 Et
628 2268 673 2326 sol
687 2271 786 2327 totum
801 2268 1021 2327 firmamentum
1044 2287 1111 2327 oon·

93 2354 195 2414 firmat
218 2359 308 2432 atque
331 2357 517 2431 splendorem
545 2374 633 2415 suum
660 2375 715 2432 per
736 2360 831 2416 totam
854 2361 966 2416 terram
989 2358 1112 2434 spargit,

93 2444 174 2503 unde
205 2445 270 2520 ipsa
301 2446 485 2506 viriditatem
519 2447 550 2504 et
582 2446 668 2504 fiores
695 2447 818 2522 profert.
864 2444 921 2505 Sed
951 2449 1023 2504 tunc
1051 2446 1113 2506 dies
1126 2457 1154 2502 25

93 2535 179 2612 longi
210 2538 287 2611 sunt,
322 2534 402 2610 quod
431 2535 476 2594 sol
502 2535 533 2593 in
557 2535 715 2594 altitudine
743 2535 921 2594 firmamenti
952 2535 1054 2610 currit,
1084 2539 1114 2594 et

94 2627 191 2683 aestas
220 2626 271 2688 est.
318 2623 393 2684 Oum
423 2642 492 2684 vero
524 2624 569 2682 sol
592 2624 629 2682 ad
661 2627 771 2683 terram
806 2624 982 2698 declinatur,
1016 2623 1113 2701 frigus

92 2716 191 2772 terrae
225 2712 261 2772 de
292 2733 369 2789 aqua
396 2713 424 2772 ei
452 2713 582 2773 occurrit
609 2715 639 2770 et
661 2713 759 2773 omnia
787 2712 896 2771 viridia
924 2712 1006 2772 arida
1033 2713 1113 2776 facit.

93 2801 135 2861 Et
167 2802 248 2878 quod
281 2802 326 2862 sol
357 2805 429 2861 tunc
459 2821 490 2862 se
524 2802 561 2860 ad
588 2804 698 2860 terram
727 2802 893 2878 declinavit,
926 2802 987 2861 dies
1011 2802 1113 2863 breves

93 2894 174 2966 sunt,
197 2895 228 2951 et
250 2890 343 2951 hiems
367 2895 420 2954 est.
465 2890 553 2951 Calor
575 2892 665 2949 etiam
687 2892 757 2951 solis
780 2893 811 2950 in
832 2893 927 2951 hieme
952 2894 1046 2951 maior
1069 2896 1113 2952 est
1127 2906 1153 2950 30

95 2980 248 3040 subterra
263 3000 352 3057 quam
372 3000 462 3056 super
484 2985 604 3055 terram,
628 2981 709 3056 quod
732 2981 758 3040 si
780 2984 853 3040 tunc
876 2982 973 3058 frigus
995 2984 1113 3042 tantum

95 3073 174 3129 esset
195 3071 250 3129 sub
272 3074 353 3129 terra
384 3073 530 3146 quantum
553 3087 642 3145 super
667 3073 787 3146 terram,
820 3070 868 3131 vel
898 3071 923 3130 si
950 3071 981 3129 in
1005 3074 1114 3130 aestate

94 3159 178 3218 calor
211 3161 312 3218 tantus
342 3163 422 3221 esset
454 3159 509 3218 sub
544 3168 623 3217 terra
652 3162 784 3240 quantus
813 3163 857 3218 est
884 3163 1113 3235 superterram,

95 3248 133 3307 de
156 3247 397 3308 immoderatione
419 3249 476 3308 ista
496 3251 575 3306 terra
597 3251 663 3307 tota
686 3248 875 3311 scinderetur.
921 3247 978 3306 Sed
1000 3251 1114 3307 etcum

94 3337 189 3396 hiems
219 3338 323 3397 futura
354 3339 419 3409 erit,
452 3340 609 3413 tempestas
640 3337 675 3396 de
703 3357 781 3413 aqua
803 3338 935 3398 ascendit
962 3338 1113 3395 etlumen
1127 3349 1154 3394 35

93 3427 167 3486 solis
202 3426 387 3499 obtenebrat,
420 3426 499 3486 unde
531 3429 562 3485 et
588 3427 706 3486 obscuri
737 3426 798 3487 dies
831 3429 927 3486 erunt.
974 3425 1013 3483 Et
1046 3445 1116 3484 cum

93 3518 190 3576 aestas
220 3516 325 3575 futura
351 3517 414 3594 erit,
449 3518 640 3596 tempestates
667 3516 867 3581 subterrant
898 3516 1027 3585 eadunt,
1051 3514 1142 3570 unias
