2460 3862
339 138 481 195 chosam
499 140 546 194 ΕΤ
565 139 687 194 OURAE
705 140 772 194 LIB.
791 141 838 195 ΙΙΙ.
1039 145 1101 205 179

84 323 240 382 modicum
262 323 374 382 farinae
397 324 509 382 similae
533 325 660 400 accipiat
687 329 718 383 et
745 343 812 384 cum
836 326 929 384 000010
951 325 1017 383 istis
1040 328 1101 384 tor-

84 413 176 471 tellos
200 411 236 470 ad
258 412 449 473 latitudinem
471 414 586 471 nummi
608 415 658 472 sed
681 415 867 489 aliquantum
890 415 998 490 spissos
1013 413 1104 472 faciat

85 506 117 561 et
142 519 191 560 eos
215 502 252 560 ad
275 503 366 562 solem
389 503 437 562 vel
459 503 490 560 in
511 503 629 562 fornace
644 505 703 560 iam
719 505 780 562 fere
796 503 971 580 infrigidata
987 505 1102 580 coquat.

84 593 126 650 Et
149 590 238 650 homo
254 591 313 664 ille,
337 592 390 668 001
413 610 502 666 supra
525 593 604 651 dicto
628 593 716 651 modo
740 593 916 668 infirmatur,
939 593 965 650 si
979 593 1102 652 interius

84 679 201 740 calidus
224 684 280 753 est,
303 682 347 740 ita
370 681 450 757 quod
473 682 555 740 cibus
577 681 608 738 in
632 701 666 740 eo
690 684 809 740 exustus
832 685 883 752 001,
915 682 951 739 de
973 680 1019 739 his
1041 684 1131 740 tor-5
1206 680 1209 687 '

83 770 194 828 tellum
215 789 310 828 unum
333 771 364 828 in
387 789 473 829 mane
504 770 562 829 diei
594 772 710 828 ieiunus
732 774 838 845 sumat,
861 770 908 829 vel
930 771 955 828 si
977 770 1103 829 interius

84 859 216 935 frigidus
247 863 297 935 est,
330 859 374 918 ita
407 858 487 935 quod
510 864 656 918 comestus
680 859 762 919 cibus
784 860 814 917 in
840 878 873 917 eo
897 878 968 934 prae
991 859 1104 936 frigore

86 947 264 1025 congelatur
288 953 318 1007 01
352 967 536 1023 compressus
567 953 619 1019 est,
653 949 725 1008 duos
757 955 810 1007 001
832 951 892 1007 1100
914 948 1050 1007 tortellos
1072 949 1103 1006 in

84 1057 172 1095 mane
200 1037 315 1097 ieiunus
350 1038 482 1113 accipiat.
527 1038 567 1096 Et
600 1037 690 1109 cibus,
727 1058 815 1114 quem
837 1039 967 1113 primum
1001 1043 1104 1113 posteo

85 1126 224 1198 comedit,
246 1127 293 1186 ius
316 1128 365 1186 vel
388 1127 578 1185 sobriuncula
600 1128 647 1194 011,
680 1131 710 1185 01
734 1128 837 1186 deinde
864 1128 937 1185 alios
959 1126 1050 1185 bonos
1073 1131 1102 1185 et
1117 1134 1144 1178 10

85 1234 194 1275 suaves
216 1215 296 1275 cibos
322 1216 464 1274 comedat.
509 1216 549 1274 111
572 1217 613 1275 010
635 1219 697 1274 tem
721 1217 773 1274 diu
796 1217 893 1290 faciat,
925 1216 996 1274 dum
1019 1217 1103 1274 0010

85 1303 239 1364 stomacho
263 1306 423 1364 liberatum
446 1305 563 1367 sentiat.
608 1303 681 1363 Nam
698 1305 779 1364 00101
794 1306 982 1382 aristologiae
997 1306 1102 1381 longae

85 1395 274 1469 aliquantum
296 1398 401 1453 acutus
424 1397 454 1452 et
476 1394 663 1469 aliquantum
678 1394 765 1453 fortis
781 1395 919 1454 exsistens
935 1413 1002 1453 cum
1016 1395 1101 1471 frigi-

85 1482 181 1541 ditate
204 1482 361 1541 bibinellae
384 1487 565 1559 temperatus
588 1501 694 1558 pravos
717 1484 857 1544 humores
885 1485 1050 1543 commovet
1071 1484 1102 1540 in

84 1571 213 1647 homine,
246 1576 276 1631 01
307 1573 386 1631 00101
408 1573 543 1630 zinziberi
567 1591 616 1632 eos
646 1574 745 1643 solvit,
780 1575 831 1632 sed
854 1573 1005 1650 frigiditas
1028 1573 1099 1631 cito·
1117 1581 1143 1624 15

85 1663 184 1720 000100
207 1680 256 1720 000
278 1663 400 1737 repente
423 1661 529 1734 educit,
562 1663 657 1720 farina
691 1666 790 1720 antem
818 1663 931 1720 similae
955 1662 1103 1721 confortat

85 1748 279 1825 stomachum,
306 1770 343 1809 ne
366 1750 403 1808 ab
430 1750 476 1808 his
507 1751 652 1812 laedatur.
697 1752 737 1810 Et
760 1770 827 1810 cum
850 1751 921 1810 haec
944 1750 1043 1810 omnia
1066 1751 1102 1808 ad

85 1841 188 1914 solem,
212 1840 296 1899 cuius
321 1840 402 1898 calor
424 1840 512 1899 fortis
535 1843 587 1914 001,
619 1840 668 1898 vel
691 1841 728 1898 ad
752 1841 1101 1915 00101001010101000010,

84 1930 171 1988 cuius
194 1929 274 1987 calor
297 1947 384 1987 sanus
407 1932 459 1999 est,
492 1932 697 2004 excoquuntur·
728 1933 758 1988 et
781 1930 894 1989 dolenti
916 1930 1037 2005 homini,
1067 1931 1104 1987 ut

84 2017 255 2094 praefatum
278 2021 330 2088 001,
360 2018 477 2093 dantur,
505 2018 690 2088 stomachum
713 2020 775 2077 eius
797 2024 937 2096 purgant,
960 2023 997 2077 01
1018 2037 1099 2094 prae·
1113 2025 1142 2070 w

84 2107 202 2166 dictum
223 2111 275 2166 est.
320 2107 460 2182 †Aooipe
483 2107 609 2165 zinziber
642 2111 672 2165 et
702 2109 855 2182 pulveriza
882 2109 959 2168 illud
983 2110 1101 2166 etcum

83 2190 202 2255 modico
232 2214 318 2255 succo
347 2195 463 2267 herbae,
498 2216 574 2271 0000
600 2197 702 2270 rizolo
728 2197 847 2274 dicitur,
880 2198 1035 2256 commisce
1069 2215 1103 2254 00

83 2289 159 2345 1000
182 2284 218 2342 de
240 2286 362 2360 pulvere
385 2286 443 2343 1010
467 2305 536 2345 0010
559 2285 673 2344 modica
696 2286 825 2344 farinula
848 2287 931 2345 fabae
963 2286 1010 2343 foc
1040 2288 1102 2342 tor-

84 2375 174 2434 tellos
197 2378 228 2432 et
251 2375 353 2433 cosin
376 2374 505 2448 1010000,
531 2393 606 2450 0000
629 2375 688 2432 iam
713 2394 730 2431 0
753 2375 848 2434 001010
870 2376 948 2451 ignis
969 2375 1099 2449 aliquan-

83 2467 152 2522 tum
175 2464 306 2538 cessavit,
330 2482 423 2538 coque
446 2467 476 2522 et
499 2465 540 2522 sio
555 2464 691 2522 tortellos
707 2464 779 2522 istos
794 2466 856 2521 1010
872 2481 996 2539 pransus
1012 2481 1101 2538 quam
1114 2470 1142 2514 25

84 2553 202 2612 ieiunus
226 2552 354 2611 comede.

152 2641 198 2700 Dc
222 2643 300 2714 sisae
322 2645 460 2714 rapturo.
498 2640 529 2699 Si
551 2641 583 2698 in
605 2641 706 2717 aliquo
729 2641 849 2699 homine
871 2640 995 2699 interior
1017 2640 1099 2714 pelli-

84 2731 162 2800 cula,
187 2731 219 2788 10
242 2750 302 2806 000
323 2730 463 2790 intestina
485 2730 584 2789 clausa
606 2732 688 2804 sunt,
723 2731 822 2805 aliquo
856 2749 924 2789 0000
947 2730 1099 2801 scinditur,

83 2821 136 2879 ille
168 2820 251 2879 01001
282 2820 408 2895 accipiet
439 2823 470 2877 01
500 2819 545 2877 bis
567 2823 684 2878 tantum
709 2820 744 2877 de
767 2820 917 2879 consolida
939 2819 1048 2877 maiore
1071 2823 1102 2878 01

83 2908 191 2968 herbas
213 2910 244 2967 in
267 2908 343 2968 bono
366 2909 436 2968 vino
459 2910 567 2983 000001
590 2911 620 2966 01
647 2913 805 2984 postquam
833 2928 880 2967 eas
912 2909 1032 2978 coxerit,
1065 2908 1101 2967 ab
1115 2917 1143 2961 30

85 2999 190 3058 eodem
212 2999 282 3057 vino
315 3017 363 3057 eas
394 3001 509 3073 separet
540 3000 570 3056 01
602 2997 705 3056 deinde
736 2998 830 3056 eidem
853 2999 922 3057 vino
951 2997 1102 3056 modicum

84 3088 217 3165 pulveris
241 3088 276 3146 de
295 3089 411 3147 011οανο
426 3087 498 3146 facti
513 3087 658 3146 immittat
672 3091 702 3145 et
717 3091 835 3146 tantum
856 3088 992 3158 auoceris,
1009 3106 1099 3162 quan·

84 3179 151 3236 tum
174 3177 344 3248 0100111011,
368 3179 398 3235 01
420 3176 492 3235 satis
508 3175 544 3233 de
568 3179 651 3234 cocto
674 3177 761 3234 melle
786 3180 815 3234 et
838 3177 881 3235 ita
903 3195 1024 3234 rursum
1038 3175 1101 3234 abs-

85 3285 143 3342 que
167 3266 308 3342 praefatis
330 3265 429 3324 herbis
452 3265 532 3322 idem
555 3265 659 3322 vinum
681 3265 795 3323 modice
819 3266 933 3324 fervere
956 3265 1046 3322 faciat
1068 3284 1102 3323 ao

86 3355 191 3415 deinde
218 3374 272 3431 per
294 3356 452 3414 saccellum
474 3354 560 3413 velut
592 3372 703 3429 purum
738 3356 843 3429 potum
867 3355 958 3412 collat
980 3358 1010 3412 01
1032 3357 1101 3429 post
1114 3362 1142 3407 35

86 3443 186 3504 cibum
209 3446 239 3502 01
262 3444 298 3502 ad
317 3447 437 3503 noctem
459 3444 502 3502 110
525 3443 609 3501 bibat
632 3446 661 3501 et
688 3443 743 3501 hoc
771 3461 856 3518 saepe
883 3443 979 3501 faciat.
1026 3441 1101 3501 (lum

86 3534 164 3593 enim
191 3533 340 3611 frigiditas
364 3529 448 3593 011001
477 3536 507 3590 01
529 3532 678 3609 frigiditas
709 3531 876 3591 consolidae
896 3550 932 3590 00
954 3531 1109 3608 1110111100

959 3633 1021 3686 lu*
