2460 3862
164 159 206 219 63
422 194 426 204 .
548 151 796 209 muasoaauis

165 340 195 395 et
227 336 262 396 dc
293 335 402 396 sudore
433 335 565 395 eiusdem
593 337 730 396 mulieris
757 337 789 394 in
822 355 853 396 se
879 336 1045 396 introrsum
1077 336 1182 401 trehit.

163 423 240 485 Nam
262 426 298 484 de
321 425 483 484 fortissima
505 426 537 485 vi
558 425 724 486 voluntatis
752 425 811 485 viri
838 425 959 502 sanguis
986 425 1051 484 eius
1084 425 1180 502 lique·

164 515 261 574 factus
284 513 396 572 diffluit
425 517 516 591 atque
542 519 579 573 ut
605 515 809 573 molendinum
836 514 1087 574 circumvolvitur
1113 519 1180 591 (et)

164 604 280 680 aliquid
303 604 339 663 de
361 623 467 680 spuma
490 608 520 662 et
543 604 579 663 de
602 604 709 663 sudore
731 604 866 662 mulieris
888 604 919 663 in
942 623 974 663 se
988 603 1124 680 suscipit,
1148 622 1180 663 ac

136 693 207 752 osio
229 712 296 752 caro
319 693 383 752 eius
407 694 443 752 de
465 694 592 752 muliere
613 693 768 764 miscetur,
799 692 844 751 ita
875 693 955 768 quod
988 711 1057 752 cum
1086 711 1121 752 ea
1151 696 1180 752 et

164 782 200 840 de
230 801 264 841 es
295 801 363 841 caro
395 802 456 840 una
485 782 533 855 fit3
566 784 596 841 et
623 783 764 858 quoniam
790 781 839 841 vir
865 785 896 840 et
922 781 1032 840 mulier
1055 781 1099 842 sic
1121 800 1179 841 una

164 889 233 930 caro
262 874 344 948 sunt,
374 871 461 931 facile
489 870 598 930 mulier
625 871 661 930 de
690 871 791 931 eodem
819 871 885 930 viro
916 871 1012 929 fetum
1040 871 1178 947 concipit,

164 961 208 1019 ita
234 964 346 1038 tamen,
378 961 405 1019 si
431 961 558 1019 fecunda
589 959 626 1018 ad
654 961 751 1019 fetum
783 963 837 1021 est.
882 959 968 1030 Quod
1000 962 1105 1019 autam
1134 960 1179 1019 vir

164 1052 195 1108 et
218 1050 326 1108 mulier
349 1069 410 1107 una
432 1067 499 1108 caro
522 1049 565 1109 sic
587 1048 664 1108 fiunt
685 1053 717 1108 et
743 1052 827 1120 sunt,
857 1049 914 1108 hoc
940 1049 973 1107 in
999 1048 1096 1109 latera
1122 1048 1178 1108 viri

126 1149 153 1194 10
164 1138 313 1210 latitabat,
336 1139 391 1198 ubi
413 1139 521 1198 mulier
544 1138 580 1197 de
602 1139 695 1197 latere
717 1138 777 1198 viri
800 1142 919 1214 sumpta
939 1156 1006 1198 caro
1023 1138 1089 1197 eius
1104 1139 1178 1198 facta

164 1232 220 1304 est,
249 1228 372 1287 acideo
395 1228 443 1287 vir
465 1232 495 1287 et
516 1228 626 1286 mulier
649 1231 733 1287 tanto
757 1227 874 1286 facilius
898 1226 935 1285 ed
958 1228 1178 1303 conceptionem

163 1318 195 1375 in
222 1317 366 1394 sanguine
394 1321 424 1375 et
451 1316 558 1377 sudore
584 1335 639 1376 suo
667 1317 709 1375 sic
735 1316 767 1374 in
793 1336 889 1375 unum
916 1317 1081 1380 confluunt.
1125 1314 1177 1376 Sed

163 1407 209 1465 vis
226 1406 418 1481 actemitstis‚
442 1424 519 1483 quse
534 1405 678 1464 infantem
694 1406 730 1463 de
745 1408 849 1465 ventre
864 1406 1055 1465 matrissuae
1071 1405 1176 1476 educit

163 1496 264 1555 virum
286 1500 317 1555 et
339 1495 481 1554 feminam
503 1496 546 1554 sic
568 1515 658 1553 unam
681 1513 799 1554 carnem
822 1494 903 1554 facit.

125 1591 153 1638 15
233 1585 279 1644 De
309 1585 465 1645 adulterio.
512 1584 598 1654 Quod
620 1584 646 1642 si
667 1584 714 1642 vir
743 1586 773 1642 et
800 1583 909 1642 mulier
930 1584 1027 1642 iustae
1056 1583 1175 1660 copula·

162 1673 254 1733 tionis
277 1693 347 1732 suae
371 1674 458 1733 obliti
481 1673 519 1731 ad
539 1674 663 1733 alienam
679 1673 817 1748 copulam
833 1691 902 1732 cum
918 1672 1038 1732 ardente
1052 1673 1176 1733 libidine

163 1781 193 1821 se
215 1763 367 1834 verterint,
400 1763 443 1820 ita
467 1763 547 1838 quod
571 1763 683 1821 iniusta
705 1761 894 1838 copulatione
918 1762 1012 1821 alieno
1045 1779 1174 1821 commu·

162 1852 270 1925 uiuant,
293 1854 366 1911 tunc
379 1851 427 1912 vir
442 1851 617 1928 sanguinem
639 1870 737 1927 suum,
766 1851 819 1926 qui
842 1851 964 1927 sanguis
986 1854 1086 1910 rectae
1109 1869 1176 1910 uxo·

162 1941 203 1998 ris
225 1959 295 2000 suaa
328 1943 380 2012 est,
412 1940 450 1999 ad
472 1941 596 1999 alienam
625 1940 781 1999 mulierem
804 1940 966 2016 coniunxit,
995 1939 1136 2000 similiter
1150 1942 1178 1999 at

121 2030 270 2088 aemulier
292 2030 465 2106 sanguinem
488 2048 589 2104 suum,
618 2030 684 2105 qui¹
699 2033 730 2088 et
757 2029 878 2106 sanguis
905 2029 979 2088 recti
1007 2029 1111 2088 mariti
1133 2029 1177 2088 sui

163 2122 215 2194 est,
239 2119 334 2178 eliano
357 2119 422 2179 viro
445 2119 607 2195 copulavit.
646 2118 732 2178 Unde
752 2121 782 2177 et
805 2118 868 2194 filii,
892 2119 945 2194 qui
968 2117 1004 2176 de
1027 2118 1095 2177 istis
1117 2121 1176 2178 tam

161 2207 249 2267 iustis
277 2227 367 2284 quam
392 2208 512 2267 iniustis
534 2208 650 2266 maritis
673 2226 726 2266 seu
748 2209 811 2266 tam
832 2207 921 2266 iustis
945 2226 1036 2283 quam
1057 2207 1176 2267 iniustis

162 2297 306 2357 uxoribus
328 2300 432 2373 postea
454 2300 625 2372 nascuntur,
649 2297 823 2355 multotiens
838 2297 970 2355 infelices
985 2299 1083 2372 erunt,
1108 2296 1176 2373 quia

162 2387 199 2446 de
222 2387 345 2446 divorsis
368 2386 503 2446 moribus
526 2389 555 2445 et
579 2386 615 2445 de
638 2385 753 2446 diverso
782 2385 939 2461 sanguine,
971 2385 1085 2445 scilicet
1116 2389 1176 2445 tam

120 2481 148 2528 2⁵
162 2477 296 2536 virorum
320 2496 411 2552 quam
432 2475 602 2550 mulierum,
626 2475 772 2552 originem
795 2474 994 2550 conceptionis
1017 2493 1089 2534 suae
1112 2493 1176 2535 oon·

161 2568 325 2626 traxerunt.
370 2564 410 2623 Et
437 2564 503 2624 ideo
526 2563 699 2623 huiusmodi
721 2566 858 2638 parentes
881 2563 962 2640 apud
984 2563 1075 2622 deum
1096 2581 1176 2639 prse-

161 2655 341 2714 varicatores
372 2657 471 2714 rectae
502 2653 700 2712 institutionis
733 2653 887 2728 dicuntur,
918 2672 1009 2728 quam
1041 2652 1116 2713 deus
1146 2652 1176 2711 in

160 2743 258 2801 Adam
289 2747 319 2802 et
350 2744 382 2801 in
412 2743 506 2803 Evam
535 2743 701 2805 constituit.
745 2742 785 2800 Et
817 2742 895 2801 sicut
924 2742 1022 2800 Adam
1054 2744 1085 2800 et
1114 2741 1175 2801 Ilva

160 2835 354 2908 pracceptum
385 2831 432 2890 dei
462 2831 658 2907 praevaricati
689 2850 720 2890 se
752 2834 782 2890 et
814 2849 915 2890 omnes
941 2831 1018 2889 filios
1047 2849 1118 2890 suos
1145 2830 1175 2889 in

118 2928 147 2976 so
161 2923 288 2980 mortem
309 2920 511 2997 tradiderunt,
540 2921 584 2979 ita
615 2923 645 2980 et
671 2921 736 2995 isti,
769 2920 822 2996 qui
849 2919 906 2979 hoc
932 2918 1020 2978 modo
1044 2918 1175 2980 divinam

160 3010 379 3069 institutionem
408 3009 619 3082 contaminant,
651 3028 682 3068 se
712 3009 793 3083 ipsos
825 3012 857 3068 et
877 3008 960 3084 illos,
993 3008 1047 3084 qui
1074 3009 1117 3068 sic
1139 3008 1174 3067 ab

160 3099 201 3158 eis
233 3103 408 3176 nascuntur,
438 3099 578 3176 polluunt
610 3103 640 3158 et
683 3099 756 3171 (in)
802 3098 1009 3158 infelicitatem
1040 3097 1175 3169 mittunt,

161 3189 304 3265 quoniam
325 3189 510 3248 rationalitas
532 3188 564 3246 in
587 3188 628 3247 eis
651 3188 768 3264 polluta
790 3192 835 3246 est
857 3191 887 3247 et
908 3187 980 3263 quie
994 3187 1026 3245 in
1041 3186 1174 3246 moribus

160 3279 222 3338 suis
244 3297 415 3338 communes
437 3277 596 3354 pecoribus
619 3295 650 3336 se
672 3278 816 3336 fecerunt.

118 3376 145 3423 so
226 3370 272 3428 Dc
292 3369 405 3428 semina
426 3368 520 3428 tenui.
565 3365 651 3436 Quod
679 3366 704 3425 si
727 3366 816 3425 etiam
846 3365 955 3424 mulier
977 3364 1080 3441 aliqua
1111 3383 1174 3424 oon·

136 3505 139 3510 .
160 3457 233 3533 cipit
255 3461 285 3516 et
306 3475 375 3516 mox
397 3456 490 3514 alium
511 3455 611 3515 virum
634 3455 671 3514 ad
693 3474 725 3514 se
747 3453 882 3515 accedere
909 3454 1073 3530 permittit,
1107 3472 1175 3515 oum

153 3545 255 3604 Miluo
280 3565 378 3606 semen
410 3545 489 3606 illud
516 3548 605 3606 tenue
631 3547 688 3622 ast,
719 3546 794 3604 tunc
823 3543 1011 3604 multotiens¹
1026 3542 1120 3603 sudor
1145 3546 1175 3603 et
