2460 3862
135 137 198 198 180
519 129 765 188 nantelmus

131 315 338 375 zituarissibi
361 315 592 393 coniunguntur,
627 314 705 375 bono
738 314 850 392 frigore
884 318 915 376 01
936 313 1014 376 bona
1035 316 1140 377 virtute

133 422 188 463 sua
209 404 380 463 interiorem
401 404 571 480 pelliculam
593 403 804 464 intestinorum
828 404 977 482 colligunt
998 408 1029 465 et
1048 423 1140 466 conso

133 492 236 565 lidant
260 492 341 569 quod
363 495 389 553 si
411 493 531 553 eaedem
550 493 690 553 herbulae
713 493 825 553 calidae
848 495 952 567 essent,
974 493 1140 556 interiorem

133 580 208 641 hanc
230 581 402 657 pelliculam
425 601 554 643 arescere
577 583 716 645 facerent.
739 581 818 642 ·Seo
845 583 944 643 suavis
975 583 1056 643 calor
1086 584 1139 644 vini

106 673 164 729 oet
186 671 266 730 calor
288 672 416 732 saccaria
439 675 470 732 01
493 673 574 732 calor
596 672 706 747 mellis,
735 691 804 732 oum
826 672 952 733 alterato
976 672 1074 733 calore
1097 693 1137 733 ex·

132 759 272 837 citantur,
294 761 414 820 scissam
436 761 605 821 interiorem
628 761 801 838 pelliculam
822 761 911 820 istam
933 765 1050 823 000001.
1091 761 1139 822 Sed

131 853 162 908 et
183 849 350 927 praedictas
372 850 519 927 herbulas,
542 870 617 927 quae
640 851 672 908 in
693 850 828 926 praefato
852 851 920 911 vino
948 853 1049 912 coctae
1071 855 1139 924 sunt,

131 937 211 997 idem
233 938 281 997 vir
303 957 394 1015 super
416 940 542 999 eundem
565 941 674 1014 locum,
704 939 758 999 ubi
790 939 914 999 interior
941 940 1086 1016 pellicula
1105 940 1139 1000 in·

130 1027 309 1087 testinorum
331 1031 422 1105 rupta
444 1031 495 1104 est,
520 1029 629 1088 calidas
652 1027 734 1105 liget,
757 1031 788 1089 et
809 1027 965 1088 scissuram
988 1030 1054 1089 eiua
1069 1029 1139 1090 colli·

92 1127 118 1174 ιο
130 1119 215 1193 gunt,
238 1119 275 1177 ut
298 1118 465 1192 praefatum
488 1122 541 1180 est.
578 1117 718 1178 Rudioem
741 1135 863 1198 quoque
886 1117 1055 1178 consolidae
1077 1118 1138 1178 mai·

130 1205 190 1265 oris
219 1207 251 1264 in
282 1205 399 1265 minuta
420 1207 517 1267 frusta
546 1206 658 1267 incidat
689 1225 723 1267 ac
750 1206 782 1265 in
805 1207 907 1267 vinum
930 1206 1032 1268 eadem
1057 1207 1139 1267 cruda

129 1295 227 1355 frusta
242 1299 342 1370 ponat,
365 1295 506 1372 quatinus
521 1315 556 1355 ex
571 1297 612 1356 cis
627 1314 762 1371 saporem
777 1294 903 1373 capiant,
927 1299 958 1355 et
972 1295 1030 1356 hoc
1045 1297 1139 1358 vinum

129 1401 245 1459 semper
268 1383 358 1458 bibat,
381 1385 564 1461 usquedum
586 1388 714 1461 sanetur,
738 1385 880 1462 quoniam
902 1383 1056 1462 frigiditas
1071 1386 1137 1446 aius·

130 1472 196 1532 dem
212 1473 376 1533 consolidae
393 1492 460 1532 cum
476 1474 572 1534 calore
587 1475 650 1535 vini
665 1474 866 1550 irruptionem
886 1473 968 1532 illam
991 1474 1139 1535 contrahit

89 1573 117 1618 15
196 1563 242 1622 De
268 1564 387 1623 renium
414 1563 521 1626 dolore.
572 1557 596 1641 ¹)
607 1562 693 1633 Quod
724 1562 814 1622 homo
844 1562 876 1621 10
905 1562 1028 1624 renibus
1060 1564 1139 1625 etin

129 1650 239 1711 lumbis
260 1651 413 1712 interdum
436 1651 524 1724 dolet,
555 1651 611 1712 hoc
634 1652 808 1712 multotiens
832 1651 868 1711 de
890 1651 1064 1713 infirmitate
1091 1655 1139 1713 sto·

128 1739 226 1799 machi
248 1741 296 1813 fit3
318 1744 392 1800 tunc
414 1741 493 1801 idem
515 1741 604 1800 homo
620 1741 741 1801 rutham
757 1744 787 1801 01
810 1739 993 1801 absinthium
1016 1741 1139 1819 aequalis

128 1829 266 1905 ponderis
298 1829 424 1906 accipiat
456 1834 544 1907 atque
575 1830 644 1907 plus
674 1830 721 1890 his
752 1830 789 1889 de
812 1832 914 1890 arvina
935 1830 1001 1890 ursi
1024 1835 1056 1892 01
1077 1831 1140 1890 haec

130 1917 220 1976 simul
250 1918 414 1978 contundat
443 1926 474 1980 et
506 1919 610 1980 deinde
640 1939 709 1980 cunr
739 1920 784 1979 his
808 1919 885 1980 circa
907 1937 992 1979 renes
1016 1924 1048 1980 et
1072 1921 1140 1980 circs

89 2006 248 2065 columbos
271 2024 348 2083 suos,
379 2005 433 2067 ubi
456 2009 544 2085 dolet,
575 2009 659 2068 iuxta
686 2009 786 2087 ignem
813 2008 934 2068 fortiter
954 2027 987 2068 se
1009 2008 1138 2087 inungat.

127 2094 222 2155 Dolor
252 2096 329 2155 enim
362 2115 466 2156 renum
498 2100 528 2157 et
560 2098 731 2158 lumborum
759 2096 933 2157 multotiens
965 2096 1003 2157 ab
1026 2096 1139 2158 iniustis

127 2184 302 2245 humoribus
324 2186 468 2263 exsurgit.
512 2185 569 2246 Sed
592 2206 660 2247 cum
692 2187 772 2247 calor
801 2186 908 2246 ruthae
938 2189 970 2245 et
992 2187 1075 2246 calor
1097 2186 1138 2246 ab·

126 2273 229 2334 sinthii
251 2279 281 2334 et
304 2276 385 2335 calor
407 2275 526 2335 arvinae
556 2276 619 2335 ursi
646 2276 704 2336 sibi
735 2277 1003 2351 contemperantur,
1035 2276 1139 2336 iniuste

126 2363 252 2442 frigidos
273 2362 413 2425 humores
436 2365 508 2424 istos
530 2364 645 2442 fugant.

86 2461 114 2509 25
194 2453 239 2513 De
270 2453 371 2514 111000.
419 2445 447 2536 2)
456 2452 488 2513 Si
521 2454 617 2513 malus
648 2452 748 2513 fumus
771 2452 807 2513 de
837 2451 988 2513 stomacho
1024 2453 1063 2513 ad
1094 2453 1139 2512 ilia

126 2541 255 2601 hominis
278 2542 447 2602 extenditur
469 2547 499 2602 et
521 2540 564 2601 ibi
596 2542 721 2602 eundem
749 2541 898 2601 hominem
929 2540 1031 2602 dolere
1064 2543 1138 2614 iacit,

126 2630 177 2690 ille
211 2631 336 2692 salviam
371 2632 497 2708 accipiat
520 2635 550 2692 et
583 2631 742 2708 quinquies
770 2634 889 2690 tantum
916 2630 1138 2704 0100000,οι

126 2720 235 2779 salviae
251 2725 303 2794 ost,
319 2723 350 2780 01
365 2720 460 2781 decies
475 2724 593 2781 tantum
608 2719 723 2795 ruthae,
738 2724 775 2781 ut
789 2719 899 2781 salviae
913 2721 966 2792 est,
989 2738 1025 2782 ac
1039 2721 1139 2781 herbas

126 2807 196 2868 istos
219 2809 251 2868 in
272 2828 350 2868 nova
373 2809 433 2870 olla
456 2828 524 2869 cum
548 2829 626 2887 aqua
647 2828 743 2886 usque
766 2809 805 2869 ad
827 2809 955 2885 primam
978 2808 1138 2871 ferventem

85 2907 114 2953 eo
127 2897 332 2957 ebullitionem
355 2903 472 2976 coquat,
496 2903 527 2959 et
540 2898 645 2958 deinde
660 2916 796 2974 expressa
811 2917 889 2974 aqua
904 2897 1022 2958 easdem
1038 2898 1139 2959 herbas

125 2986 168 3046 ita
200 2992 295 3046 coctas
318 2991 349 3047 et
376 2989 485 3048 calidas
516 3006 606 3064 super
636 2988 746 3060 locum,
780 2987 833 3048 ubi
867 2986 1021 3063 praedicto
1054 2987 1138 3048 modo

126 3075 214 3151 dolet,
237 3081 328 3152 ponat
351 3083 382 3137 et
403 3097 501 3154 panno
525 3077 652 3153 desuper
674 3076 756 3155 liget.
791 3075 868 3136 Nam
891 3095 960 3136 cum
983 3076 1066 3137 calor
1088 3075 1137 3137 sal·

125 3166 189 3224 viae
213 3168 242 3224 et
263 3166 344 3226 calor
358 3167 516 3226 ctietworz
538 3170 568 3227 01
583 3167 664 3227 calor
686 3164 791 3226 ruthae
811 3165 868 3226 sibi
884 3168 1139 3242 contemperantur

125 3258 155 3313 et
178 3273 245 3314 cum
267 3256 299 3314 10
322 3257 463 3315 calefacta
485 3275 564 3332 aqua
577 3255 752 3328 excitantur,
776 3255 890 3315 virtute
905 3273 961 3314 sua
976 3255 1071 3316 malos
1085 3254 1136 3314 hu·

83 3352 228 3417 umores,
252 3344 288 3403 de
312 3344 423 3421 quibus
446 3345 532 3405 dolor
554 3345 677 3405 iliorum
700 3345 806 3421 oritur,
830 3345 946 3422 fugant.

198 3498 218 3569 1)
237 3518 262 3553 v.
283 3499 388 3555 15-20
407 3525 439 3545 =
459 3500 556 3571 Migne
577 3499 647 3573 1155,
665 3498 694 3554 0.
719 3531 752 3540 -
777 3497 802 3567 2)
821 3517 847 3554 v.
866 3497 973 3554 ae-aa
992 3522 1028 3545 -
1045 3498 1138 3568 mgna

116 3570 190 3625 1154
209 3569 300 3626 c-n.
