2460 3862
342 153 484 210 CAUSAE
502 152 549 209 ΕΤ
567 152 692 210 oculu
708 154 776 208 LIB.
794 153 842 208 111.
1039 159 1101 220 181

154 339 199 399 Dc
214 339 316 398 lucteris
333 337 441 398 dolere.
475 331 500 416 l)
506 337 616 414 Accipe
632 337 797 397 liusamaaa
812 341 842 397 et
856 338 955 397 minue
975 338 1047 410 ilica
1069 337 1105 397 de

84 428 210 504 parsico,
232 428 276 488 ita
299 427 381 504 qued
404 427 534 487 linsamo
556 429 664 502 quarta
687 430 772 503 parte
784 428 857 500 flius
880 427 1008 501 excedat,
1029 429 1059 486 et
1073 427 1104 486 in

85 517 236 594 sartagine
258 519 294 576 ut
315 516 437 591 alathen
459 535 562 594 caque.
597 515 711 575 Deinde
726 516 798 575 telle
821 517 986 576 birbaumes
1007 516 1106 576 mistel

85 606 170 665 etin
192 605 336 664 mortario
359 608 422 664 tere
444 605 482 664 ad
505 623 635 677 succum,
667 605 711 664 ita
743 605 824 682 qued
855 603 893 664 de
925 622 1012 664 succo
1034 605 1104 681 plus

83 696 132 772 sit,
159 714 250 770 quam
270 695 372 767 flicsia
394 697 426 753 et
441 689 477 729 ³¹⁸*
493 713 583 770 quam
599 712 706 754 succus
721 695 886 754 birbaumes
901 694 941 752 sit
955 692 1130 770 falsidicas

85 788 116 843 et
150 783 223 843 haec
245 783 278 842 in
301 784 449 860 sartagine
473 784 510 842 ad
533 783 720 860 praedictum
743 784 907 843 licscmam
930 783 1013 841 etad
1033 784 1106 855 ttius

84 892 163 948 pone
186 877 218 934 ct
245 873 355 932 iterum
379 872 475 932 denuo
499 872 637 932 similiter
659 873 706 933 fac
726 874 847 935 fervere.
893 871 978 942 Quod
1001 872 1026 930 si
1040 891 1105 931 me·

85 963 200 1022 dullam
234 962 314 1021 cervi
349 980 408 1022 non
444 960 597 1033 habueris,
641 980 745 1038 sepum
780 962 895 1021 iuvenis
922 961 1003 1020 tauri
1029 960 1104 1021 adde

85 1053 190 1111 eodem
212 1051 349 1126 pondere,
372 1053 408 1110 ut
430 1051 561 1110 medulla
583 1052 663 1111 cervi
686 1070 747 1111 esse
770 1050 899 1111 deberet.
937 1049 1003 1120 Quo
1025 1049 1103 1110 facto

85 1141 162 1201 haec
190 1159 244 1216 per
275 1159 407 1216 pannum
438 1139 546 1199 subula
578 1140 690 1217 ubique
722 1140 906 1216 perforatum
930 1139 995 1198 cola
1018 1142 1049 1199 et
1070 1140 1102 1198 in
1116 1150 1144 1195 10

87 1249 201 1289 novum
232 1228 322 1289 fictile
352 1247 404 1288 vas
437 1232 568 1288 ceratum
601 1229 692 1289 funde
726 1232 757 1288 et
778 1230 926 1289 dolentem
948 1228 979 1286 in
1002 1228 1103 1299 latere,

85 1319 137 1378 ubi
162 1317 251 1390 dolet,
274 1319 312 1377 ad
335 1318 436 1395 ignem
458 1337 599 1396 perunge.

153 1409 202 1467 Dc
224 1408 314 1467 osacci
336 1411 455 1467 tumore.
500 1399 566 1487 ²)si
587 1407 738 1468 interdum
762 1426 780 1466 a
812 1406 899 1467 malis
928 1404 1104 1465 humoribus

85 1496 115 1556 in
146 1491 285 1556 virilibus
315 1495 373 1555 viri
403 1496 516 1556 inflatio
549 1497 667 1572 pessimi
699 1495 826 1556 tumoris
857 1495 995 1573 insurgit,
1027 1514 1103 1571 quae

85 1585 174 1644 illum
197 1583 239 1643 ibi
264 1584 360 1644 delere
384 1584 463 1661 facit,
487 1585 539 1644 ille
562 1586 726 1645 feniculum
749 1585 876 1660 accipiat
902 1587 933 1643 et
962 1588 1009 1644 ter
1039 1586 1143 1642 tan-15

86 1677 153 1734 tum
175 1674 334 1750 fenigraeci
357 1692 391 1734 ac
414 1674 564 1733 modicum
587 1675 691 1751 butyri
712 1692 868 1734 vaccarum
884 1677 914 1733 et
928 1672 999 1733 haec
1014 1673 1104 1732 simul

89 1763 254 1823 contundat
269 1766 299 1822 et
314 1763 439 1838 desuper
453 1767 553 1839 ponat,
577 1767 608 1822 et
629 1763 702 1822 haec
724 1763 817 1822 malos
839 1762 978 1822 humores
993 1762 1104 1822 doloris

85 1853 115 1910 in
149 1851 287 1913 uirilibus
321 1851 490 1911 extrahunt.
536 1851 641 1912 Suavis
670 1853 748 1911 enim
779 1853 859 1911 calor
885 1850 1008 1911 feniculi
1035 1870 1103 1911 cum

86 1941 254 2018 frigiditate
277 1940 436 2018 fenigraeci
465 1947 495 2001 et
518 1960 586 2000 cum
608 1942 692 2001 suavi
716 1942 812 2001 calere
833 1940 939 2018 butyri
959 1943 1102 2015 tempera

85 2032 136 2090 tus
159 2030 326 2106 praefatum
350 2030 481 2089 dolerem
502 2031 620 2094 minuit.
654 2028 730 2089 Nam
753 2030 834 2090 calor
856 2030 977 2089 feniculi
1000 2033 1030 2089 et
1052 2030 1101 2088 fri·
1115 2040 1144 2086 aa

85 2118 196 2197 giditas
218 2119 378 2195 fenigraeci
401 2138 509 2195 pravos
535 2119 674 2178 humores
702 2121 770 2178 illos
797 2120 915 2189 minuit,
945 2123 975 2178 et
1003 2119 1103 2178 suavis

86 2210 168 2268 calor
190 2207 293 2284 butyri
316 2207 443 2266 eundem
467 2209 598 2267 dolorem
621 2211 714 2272 sanat.
752 2208 866 2267 Deinde
888 2208 935 2267 vir
957 2208 1102 2283 tortellos,

84 2317 118 2357 ex
142 2297 252 2373 quibus
274 2297 415 2356 cerevisia
438 2298 480 2369 fit,
507 2297 633 2373 accipiat
655 2301 768 2357 etcum
785 2297 900 2356 modica
914 2297 1010 2355 calida
1024 2315 1103 2373 aqna

84 2406 134 2446 eos
157 2386 271 2446 medice
293 2386 471 2445 madefaciat
493 2390 523 2445 et
546 2388 587 2445 sic
609 2387 761 2447 calefaciat
782 2405 816 2445 ac
830 2404 920 2461 super
935 2384 1103 2460 praefatum

83 2480 233 2535 tumorem
255 2478 354 2551 ponat.
399 2474 475 2533 Nam
497 2476 643 2551 praedicti
671 2476 784 2536 tortelli
806 2476 838 2533 in
861 2474 1009 2535 suavitate
1031 2474 1099 2533 cali·
1114 2485 1143 2531 25

86 2566 142 2624 dae
165 2583 260 2639 aquae
282 2565 442 2639 temperati
466 2568 553 2624 acuto
577 2584 663 2624 succo
687 2584 741 2625 suo
756 2582 865 2640 pravos
880 2564 1019 2622 humores
1033 2562 1101 2622 illos

84 2653 244 2712 extrahunt
266 2655 296 2711 et
318 2653 361 2712 ibi
385 2653 533 2713 dolentem
548 2655 697 2713 hominem
712 2656 805 2714 sanat.
840 2652 885 2728 [Si
901 2652 968 2729 quis
984 2670 1054 2730 ergo
1069 2653 1100 2711 in

82 2742 223 2801 virilibus
244 2741 301 2801 hcc
324 2742 413 2802 modo
442 2743 535 2818 delet,
564 2743 691 2819 accipiat
712 2743 876 2802 feniculum
904 2745 934 2801 et
961 2745 1008 2801 ter
1037 2744 1101 2800 tan·

82 2839 149 2890 tum
171 2831 332 2908 fenigraeci
347 2849 382 2890 ae
404 2832 554 2892 modicum
576 2833 711 2892 lccsmcla
733 2835 763 2892 et
785 2833 856 2891 haec
871 2831 961 2890 simul
977 2834 1099 2891 contun-

83 2920 135 2979 dat
163 2923 194 2979 et
216 2920 341 2995 desuper
364 2923 462 2996 ponat,
486 2925 517 2980 et
539 2922 631 2981 malos
658 2922 798 2981 humores
831 2920 973 2993 extrahit3
997 2921 1142 2980 deinde30

83 3009 210 3085 accipiat
239 3008 428 3068 mclalcucbia
460 3013 491 3069 et
522 3029 591 3069 enm
622 3010 739 3070 medica
770 3010 865 3070 calida
888 3029 966 3086 aqua
987 3010 1102 3069 modice

83 3097 262 3158 madefaciat
284 3116 318 3157 ae
341 3098 466 3173 desuper
488 3101 606 3175 ponat]

151 3187 197 3247 De
218 3188 401 3262 aranyuric.
449 3180 476 3270 3)
499 3188 531 3247 Si
555 3189 622 3265 quis
646 3188 764 3247 urinam
787 3207 857 3263 prae
881 3187 1021 3263 frigidata
1043 3192 1100 3245 stc·

83 3276 182 3336 machi
204 3276 330 3336 retinere
353 3295 413 3335 non
435 3281 548 3353 potest,
582 3278 686 3336 vinum
717 3277 786 3354 igne
815 3276 988 3336 calefactum
1016 3293 1100 3351 saepe

157 3484 179 3554 ¹)
198 3503 224 3540 v.
246 3485 332 3539 1-12
351 3511 384 3530 =
403 3486 499 3556 Migne
520 3475 588 3541 1202
608 3485 636 3540 C.
667 3515 702 3524 -
729 3483 754 3554 2)
777 3483 982 3540 v.13-25=
1000 3483 1097 3552 Mignc

85 3556 153 3611 1157
174 3555 205 3613 D.
225 3586 260 3596 —
278 3555 303 3626 ³)
320 3575 348 3614 v.
367 3557 464 3628 ee-p.
485 3557 558 3625 leae
579 3583 612 3603 =
632 3555 733 3629 Migne
749 3555 879 3612 ilcan.
