2460 3862
336 153 476 209 OAUSAE
496 153 542 209 ET
560 151 683 209 GURAE
701 155 769 212 1213.
787 156 820 211 Il.
1020 159 1083 219 155

66 338 91 397 si
119 340 193 396 tuno
226 337 341 397 diutius
373 339 599 414 exspectaverit,
632 339 710 398 cutis
732 339 764 398 in
787 339 927 399 maiorem
951 339 1083 398 dolorem

66 429 203 485 ulcerum
227 428 257 485 et
279 427 449 503 putredinis
472 430 616 490 vertatur.

135 517 181 575 Dc
204 517 343 576 ictericis.
390 516 494 588 Pestis,
518 536 594 592 quae
618 517 728 576 dicitur
750 517 893 593 ictericis,
924 518 961 576 de
987 535 1085 594 super·

66 605 185 663 fluitate
208 605 286 664 fellis
308 606 452 677 nascitur,
484 605 564 681 quod
587 607 623 664 de
645 606 771 665 infirmis
794 605 969 666 humoribus
997 609 1028 664 et
1051 607 1086 664 de

66 693 201 753 febribus
233 713 267 752 ac
301 694 337 753 de
370 715 478 770 magna
510 698 540 753 et
570 695 718 770 frequenti
748 697 795 753 ira
828 697 870 754 fel
897 696 1001 754 effluit.
1047 695 1113 754 sto

66 783 241 842 effusionem
272 784 347 841 hanc
373 784 451 842 fellis
483 784 566 842 iecur
595 788 625 843 et
653 788 749 844 cetera
781 785 895 844 viscera
926 785 1086 859 excipiunt,

66 875 97 931 et
132 873 197 947 ipsa
227 873 318 930 etiam
359 873 463 931 effusio
497 875 593 931 totam
628 891 743 932 carnem
777 874 906 932 hominis
943 874 987 931 ita
1019 893 1084 950 per·

65 961 184 1032 transit,
212 962 296 1021 velut
328 967 451 1021 acutum
481 965 598 1021 acetum
629 982 741 1023 novum
767 982 818 1022 vas
845 962 1030 1023 transfundit
1057 966 1086 1021 et

66 1050 216 1109 hominem
246 1051 347 1112 laedit.
392 1051 436 1109 Ac
470 1051 511 1112 sic
541 1070 595 1126 per
622 1053 805 1111 contrarium
837 1053 966 1112 colorem
997 1070 1086 1110 suum

66 1140 98 1198 in
124 1139 243 1198 homino
265 1141 464 1216 cognoscitur.
1097 1148 1125 1192 10

134 1229 180 1287 De
209 1231 346 1289 coercitio
374 1233 400 1288 et
427 1230 673 1291 anianaemerito.
719 1229 804 1289 Sicut
826 1248 934 1305 corpus
956 1229 1084 1288 hominis

68 1318 181 1393 absque
208 1337 295 1395 opere
327 1337 386 1376 non
418 1322 463 1377 est
489 1337 543 1377 nec
570 1319 697 1392 omittit,
729 1321 801 1396 quin
825 1337 940 1395 semper
964 1319 1085 1395 aliquod

66 1410 221 1482 operetur,
256 1408 298 1467 sic
320 1408 409 1466 etiam
433 1408 531 1466 anima
553 1407 584 1465 in
606 1407 725 1467 homine
753 1428 787 1467 ex
814 1411 922 1466 natura
948 1427 1002 1466 sua
1029 1407 1085 1467 hoc

67 1496 200 1554 officinm
224 1496 321 1571 habet,
355 1497 435 1572 quod
458 1496 574 1556 diverso
597 1515 685 1572 opere
708 1497 839 1574 corporis
860 1498 958 1556 taedio
982 1496 1085 1556 affecta

67 1603 99 1643 se
120 1584 272 1644 interdum
295 1606 312 1643 a
335 1604 424 1645 cursu
451 1603 505 1644 suo
528 1585 679 1661 subducit,
711 1587 796 1663 quasi
819 1586 972 1659 dormitet;
1001 1586 1085 1646 velut
1099 1594 1126 1639 15

66 1674 268 1733 molendinum
298 1676 394 1734 multa
420 1675 614 1733 inundatione
641 1677 743 1752 aliqua
769 1680 855 1752 parte
882 1676 929 1734 sui
956 1676 1084 1735 fractum

67 1763 229 1839 aliquando
261 1784 279 1821 a
311 1764 412 1823 labore
445 1765 571 1827 sistitur.
626 1765 666 1823 st
699 1767 741 1824 sic
776 1765 874 1822 anima
904 1765 1023 1824 interim
1053 1766 1085 1823 in

68 1853 170 1929 quiete
194 1853 304 1911 silentii
332 1855 389 1928 est,
421 1872 516 1929 usque
544 1854 614 1912 dum
646 1873 752 1929 corpus
780 1855 882 1930 aliqua
907 1854 1085 1914 verecundia

66 1942 114 2001 rel
137 1941 286 2018 aliquibus
309 1943 472 2002 terroribus
495 1945 649 2002 coercetur
665 1945 695 2002 et
715 1944 905 2019 opprimitur.
952 1945 992 2003 Et
1013 1947 1085 2003 tunc

67 2032 178 2090 iterum
200 2033 244 2090 ita
266 2031 345 2090 vires
367 2049 436 2090 suas
459 2036 489 2090 et
511 2050 632 2091 cursum
654 2051 741 2091 suum
764 2033 872 2110 recipit
894 2037 924 2092 et
944 2033 1125 2110 resurgitur

66 2119 107 2178 nc
129 2123 202 2178 tuno
224 2120 336 2178 homini
358 2121 405 2178 illi
427 2123 485 2196 est,
521 2122 606 2197 quasi
633 2140 729 2182 novus
757 2123 796 2182 sit
823 2125 853 2180 et
880 2122 965 2198 quasi
992 2141 1083 2181 novos

66 2228 160 2268 mores
182 2208 296 2269 babeat.

132 2299 177 2357 Dc
199 2301 257 2358 ira.
303 2296 378 2356 Nam
401 2299 496 2376 aliqui
519 2299 652 2359 homines
680 2320 714 2359 ex
742 2303 850 2359 natura
873 2319 926 2359 sua
948 2299 1083 2358 iracundi

66 2389 143 2450 sunt.
195 2388 235 2446 Et
273 2406 340 2446 cum
382 2390 479 2446 anima
514 2388 643 2447 istorum
681 2391 712 2448 in
742 2390 814 2465 ipsis
847 2389 945 2468 taedio
980 2388 1083 2446 affecta

66 2477 184 2534 interim
208 2477 239 2534 in
263 2477 363 2553 quiete
387 2478 496 2536 silentii
520 2481 576 2554 est,
604 2482 677 2537 tunc
698 2479 759 2537 illis
786 2497 821 2537 ex
847 2479 893 2536 ira
915 2496 968 2536 sua
989 2478 1080 2537 inter·
1095 2483 1124 2529 25

66 2566 139 2624 dum
163 2566 269 2640 aliquis
286 2565 419 2625 defectus
436 2566 551 2642 accidit,
573 2567 652 2625 unde
669 2586 775 2643 corpus
790 2567 923 2643 ipsorum
943 2567 1081 2643 opprimi·

66 2657 129 2726 tur3
159 2657 188 2713 et
214 2656 257 2713 ita
279 2656 376 2713 anima
398 2656 475 2715 vires
505 2674 572 2714 suas
599 2657 705 2733 recipit
732 2659 762 2715 et
788 2656 928 2732 resurgit.
973 2655 1082 2715 Sedet

66 2743 155 2802 etiam
192 2762 260 2802 cum
294 2744 325 2802 in
362 2745 428 2804 aliis
467 2745 636 2805 hominibus
671 2746 784 2803 animae
822 2744 921 2805 taedio
960 2745 1093 2805 affectae„

66 2832 186 2892 interim
207 2833 238 2891 in
255 2834 354 2909 quiete
378 2834 488 2893 silentii
511 2838 597 2909 sunt,
612 2853 699 2911 saepe
722 2835 876 2912 contingit,
899 2839 935 2894 ut
958 2853 1082 2910 corpora

66 2921 220 2980 bominum
241 2921 364 2981 illorum
394 2923 495 2998 aliqua
524 2924 658 2983 molestia
690 2925 911 2999 opprimantur,
939 2925 1018 2984 unde
1050 2927 1080 2984 et
1094 2928 1122 2974 3⁰

66 3011 147 3086 ipsae
178 3011 291 3070 animae
321 3013 463 3071 excitatae
494 3012 607 3088 priores
641 3014 719 3073 vires
747 3014 892 3089 recipiant
924 3018 954 3074 et
985 3015 1022 3072 ad
1049 3033 1080 3073 se

66 3100 193 3163 redeant
231 3099 307 3159 Sunt
339 3104 369 3159 et
400 3102 452 3160 alii
482 3101 627 3177 homiues,
659 3103 690 3160 in
718 3102 839 3178 quibus,
871 3121 939 3163 cum
966 3108 1080 3161 animae

66 3209 167 3248 eorum
202 3189 233 3247 in
265 3190 337 3266 ipsis
367 3210 437 3266 prae
469 3190 571 3249 labore
602 3196 632 3250 et
663 3192 761 3251 taedio
794 3211 948 3269 oppressae
980 3192 1077 3266 silent,

66 3278 167 3354 aliqua
199 3280 385 3355 impatientia
415 3280 462 3339 vel
490 3278 676 3340 dubitatione
704 3299 830 3357 corpora
857 3282 990 3357 ipsorum
1013 3299 1078 3339 con·

66 3368 265 3445 stringuntur,
277 3372 306 3426 et
321 3368 362 3427 sic
378 3369 500 3444 animae,
517 3388 593 3444 quae
608 3370 639 3428 in
649 3370 720 3446 ipsis
732 3371 792 3428 iam
809 3369 1016 3443 dormitabant,
1029 3388 1075 3427 ex·
1088 3373 1117 3418 35

66 3457 169 3516 citatae
185 3456 222 3516 ad
239 3458 380 3533 pristinas
400 3459 478 3518 vires
499 3461 668 3536 resurgunt.
711 3458 789 3517 Sunt
813 3477 932 3534 quoque
956 3457 1079 3534 quidam

66 3544 203 3619 homines,
224 3546 276 3623 qui
292 3566 326 3606 er
341 3548 542 3624 complexione
557 3566 612 3608 sua
625 3548 745 3627 saepius
762 3548 865 3607 inira
881 3547 1091 3607 enardssaunt.
