2460 3862
130 132 192 191 286
516 125 761 182 HILDEGARDIS

126 313 236 386 potest,
265 313 296 369 et
317 329 371 386 per
393 311 598 370 melancoliam
620 311 767 388 fatigatur
789 314 819 370 et
841 311 1038 371 maarmudiat
1059 311 1134 371 fenile

127 401 183 471 est;
205 399 256 458 sed
280 399 333 458 din
353 399 453 459 vivere
476 403 582 475 potest.

194 489 289 547 Lana
311 490 409 549 tertia.
455 487 514 559 Qui
535 491 567 549 in
590 491 680 550 tertia
701 489 774 548 luna
802 489 982 565 coneipitur,
1015 490 1041 549 si
1066 507 1134 548 mes·

127 578 213 636 culus
236 582 288 653 est,
311 578 421 654 probus
445 580 510 650 erit,
534 584 565 638 et
586 579 688 637 eadem
711 578 844 655 probitas
866 576 913 636 illi
936 597 996 638 non
1015 579 1133 654 prodest,

97 666 209 743 equod
237 667 348 726 alienos
376 685 472 727 mores
499 668 602 744 habet,
640 671 713 741 <et>
742 669 810 744 plus
842 667 880 726 ad
907 668 1017 727 alienas
1045 683 1134 727 causas

129 776 219 833 quam
252 755 289 814 ad
321 775 388 815 suas
414 755 504 816 habet
535 760 565 816 et
591 759 662 834 plns
689 757 726 815 ad
754 756 862 816 alienes
888 755 1025 817 homines
1056 775 1133 833 quam

128 846 164 903 ad
188 849 275 904 notos
298 846 416 904 anhelat
444 848 474 903 et
504 847 592 904 deum
621 847 732 922 absque
760 846 899 923 operibus
926 845 1029 924 diligit
1055 851 1085 905 et
1110 846 1133 903 in

128 934 268 1010 superbia
291 953 345 994 sua
367 934 453 994 fenile
469 935 580 1008 defieit3
604 936 655 995 sed
678 934 764 994 facile
779 936 811 993 in
826 953 949 1011 corpore
964 935 1132 1003 infir-matun

128 1024 179 1082 sed
202 1028 301 1082 tamen
325 1024 376 1082 diu
399 1024 499 1084 vivere
521 1028 628 1101 potest.
668 1023 700 1083 Si
721 1043 791 1084 vero
814 1025 923 1083 femina
945 1028 1001 1096 est,
1025 1023 1131 1084 infeliei-

87 1125 114 1170 10
127 1116 219 1172 tatem
242 1116 272 1171 et
293 1113 492 1172 infortunium
513 1115 666 1173 missasa'at
688 1115 720 1172 in
743 1113 944 1173 saecularibus
966 1112 1068 1188 habet,
1095 1109 1132 1171 sad

126 1203 223 1260 tamen
246 1203 374 1278 suspiria
397 1201 434 1259 ad
463 1202 549 1262 deum
577 1205 670 1278 tenet,
704 1205 735 1261 et
764 1221 855 1262 venae
882 1203 945 1261 aius
975 1203 1130 1280 frequenta

127 1291 314 1350 infirmitates
337 1292 503 1366 patiuntur,
527 1292 577 1351 sed
600 1296 700 1350 tamen
722 1291 905 1363 tolerabiles;
928 1294 958 1350 et
981 1293 1071 1350 etiam
1092 1289 1130 1348 diu

127 1381 227 1440 vivere
249 1384 356 1456 potest.

195 1469 289 1530 Lwaa
312 1473 430 1549 quarta,
463 1469 522 1539 Qui
543 1471 575 1528 in
599 1474 708 1547 quarta
730 1471 803 1528 luna
826 1469 1002 1545 coneipitur,
1025 1470 1051 1528 si
1071 1484 1128 1528 maa

87 1571 114 1614 15
129 1558 214 1618 aulus
237 1562 294 1630 est,
325 1559 460 1617 fatuosus
483 1561 541 1618 erit
563 1563 594 1618 et
615 1559 701 1618 facile
723 1578 777 1634 per
800 1559 873 1618 alios
901 1559 1062 1635 decipitur3
1090 1553 1127 1617 ssd

126 1650 223 1705 tamen
256 1648 415 1708 benevolus
447 1651 492 1707 est
524 1652 553 1707 et
583 1649 758 1708 felicitatem
789 1647 890 1720 habet,
929 1648 974 1707 ita
1002 1645 1126 1725 quodin

126 1737 266 1812 superbia
289 1737 370 1796 dives
394 1738 451 1796 erit
474 1741 505 1796 et
528 1737 608 1814 quod
631 1738 802 1812 honoratur,
827 1738 902 1796 etin
918 1755 1042 1812 corpore
1056 1750 1125 1797 sanus

127 1827 171 1883 est
193 1830 222 1883 et
246 1827 316 1884 satis
340 1826 392 1884 diu
414 1827 510 1903 vivet,
540 1827 590 1885 sed
613 1830 712 1885 tamen
735 1845 794 1885 non
816 1827 948 1885 multum
977 1827 1031 1886 diu
1051 1825 1125 1887 rivet.

126 1913 159 1972 Si
181 1917 280 1972 autem
303 1915 413 1974 femina
435 1919 491 1987 est,
524 1916 650 1976 tabesam
681 1916 741 1974 erit
768 1919 798 1974 et
825 1915 996 1974 hominibus
1024 1935 1088 1975 aara
1104 1911 1126 1968 et

84 2013 194 2062 tonum
229 2003 398 2062 hominibus
430 2024 571 2080 prospere
601 2004 712 2064 incedit
739 2009 768 2064 et
795 2004 881 2063 facile
910 2004 1078 2065 infirmatur
1104 2001 1126 2057 ei

126 2092 274 2151 defectum
305 2093 336 2150 in
367 2113 490 2169 corpore
517 2113 570 2153 sno
602 2114 687 2170 saepe
718 2094 808 2153 sentit
834 2097 865 2153 et
891 2089 944 2152 diu
973 2113 1033 2153 non
1054 2090 1126 2154 vivet.

192 2183 286 2240 Luna
310 2183 423 2255 quinta.
463 2182 520 2253 Qui
543 2185 573 2241 in
598 2184 703 2260 quinta
725 2183 798 2240 luna
819 2183 996 2258 coneipitur,
1020 2183 1046 2243 si
1067 2195 1125 2240 mas·

125 2271 210 2330 aulus
233 2275 285 2343 est,
308 2272 419 2347 probus
442 2276 472 2331 et
493 2272 603 2348 fidelis,
635 2273 722 2331 fortis
750 2272 899 2330 aedanus
923 2272 982 2331 erit
1005 2275 1035 2330 et
1056 2282 1127 2331 sanus

125 2360 156 2418 in
191 2379 313 2437 corpore
344 2365 375 2420 et
406 2361 589 2436 aliquamdiu
620 2363 710 2423 vivet.
756 2359 787 2419 Si
821 2363 919 2419 autem
952 2361 1062 2420 femina
1087 2358 1128 2428 est

84 2450 220 2508 atvirilis
253 2455 283 2510 et
314 2451 438 2509 atridiah
469 2454 499 2509 et
531 2452 635 2510 aidiat
665 2451 722 2509 erit
760 2448 812 2508 sed
843 2452 943 2508 tamen
975 2449 1082 2527 proba,
1106 2446 1128 2504 at

126 2539 277 2598 interdum
300 2539 405 2598 inforti
427 2539 599 2598 infirmitate
622 2540 777 2616 fatigatur,
809 2539 861 2597 sed
882 2541 982 2597 tamen
1004 2559 1064 2599 non
1084 2537 1128 2596 fre·

126 2631 258 2704 quanter,
283 2631 313 2687 et
335 2629 424 2687 etiam
447 2628 632 2705 aliquamdiu
655 2629 759 2688 vivere·
778 2630 890 2703 potest.

192 2718 285 2776 Luna
308 2722 400 2778 sexta.
445 2717 503 2786 Qui
530 2719 561 2776 in
589 2719 670 2777 sexta
696 2717 769 2776 luna
801 2717 983 2792 coneipitur,
1014 2717 1041 2777 si
1069 2731 1131 2776 mas·

126 2807 210 2864 nulus
234 2811 286 2882 est,
310 2807 468 2866 benevolus
492 2811 522 2866 et
542 2806 668 2865 blandus
691 2806 757 2881 erit,
781 2806 833 2864 sed
848 2806 950 2865 viriles
967 2825 1064 2866 mores
1084 2821 1133 2864 non

84 2895 215 2953 sehabet
237 2899 267 2954 et
289 2897 374 2971 quasi
398 2896 509 2954 femina
528 2896 625 2955 mollis
647 2895 706 2954 erit
728 2898 759 2954 et
780 2895 867 2954 facile
889 2895 1070 2972 infirmatur,
1091 2890 1133 2954 sed

126 2984 178 3042 diu
202 3002 260 3042 non
285 2986 373 3047 vivet.
404 2985 437 3044 Si
460 3003 529 3044 vero
553 2985 663 3044 femina
686 2988 738 3060 est,
762 2984 855 3060 proba
879 2987 909 3044 et
930 2985 1067 3056 frumist
1087 2981 1135 3042 erit

126 3078 156 3132 et
179 3092 247 3131 cara
268 3073 446 3150 hominibus,
469 3078 499 3133 et
519 3094 589 3133 sana
604 3075 636 3132 in
652 3093 774 3151 corpore
790 3077 843 3149 est,
867 3081 897 3133 et
913 3073 967 3133 diu
981 3092 1041 3134 nen
1056 3074 1135 3134 viret

192 3162 431 3237 Laaasepttma.
458 3162 1136 3240 Quiinaeptimalunaconcipitnr‚simasaulus

126 3257 178 3325 est,
202 3253 338 3312 fatuosus
354 3256 384 3311 et
398 3254 493 3312 inanis
509 3253 653 3329 sapientia
668 3254 733 3329 erit,
757 3253 809 3312 sed
824 3255 961 3329 putatae
982 3254 1136 3329 sapientem

84 3355 111 3400 35
125 3362 193 3418 esse,
217 3362 284 3402 eum
309 3343 424 3417 sapiens
447 3343 574 3416 nonsit,
599 3346 628 3402 et
651 3342 821 3401 hominibus
846 3341 982 3402 amabilia
1002 3361 1063 3403 nen
1078 3340 1136 3409 erit.

126 3436 157 3491 et
190 3432 281 3491 fortes
308 3451 396 3490 venas
430 3431 520 3490 habet
553 3451 606 3491 nea
636 3433 768 3491 multum
793 3431 928 3490 infirmus
959 3432 992 3490 in
1021 3446 1137 3507 torpore

121 3525 179 3594 est;
210 3522 262 3581 sed
294 3523 319 3582 si
342 3521 500 3581 infirmitas
522 3540 591 3579 eum
622 3519 828 3597 apprehendit,
859 3522 965 3582 msam
996 3524 1027 3580 et
1055 3536 1136 3580 arear·
