2460 3862
379 124 522 182 CAUSAE
539 125 586 180 ET
605 125 726 182 OURAE
744 127 812 183 LIB.
831 128 868 181 II.
1072 133 1133 192 111

182 310 262 370 Item
281 310 318 370 de
337 313 476 383 conceptu
496 313 522 370 et
540 307 622 372 lacte.
668 309 832 387 Conceptus
848 315 948 371 autem
963 312 994 371 in
1010 311 1135 370 muliere

110 401 268 457 menstrua
290 398 347 458 sibi
370 399 503 471 attrahit,
526 400 570 459 ita
592 399 675 476 quod
696 400 789 459 rivuli
811 401 866 472 illi,
899 402 949 477 qui
975 401 1011 460 ab
1035 400 1136 460 eadem

110 488 239 547 muliere
267 488 352 563 prius
380 487 590 560 educebantur,
625 488 662 547 ad
694 489 820 548 eundem
855 494 1031 564 conceptum
1064 493 1136 549 tunc

110 579 277 638 transeunt.
315 575 373 647 Qui
396 596 464 637 cum
487 578 518 635 in
542 597 659 637 carnem
682 579 765 637 etin
787 597 852 638 ossa
874 580 999 639 formari
1022 579 1134 654 incipit,

111 667 159 724 ita
182 666 263 742 quod
286 666 377 725 etiam
411 666 537 726 avitali
571 667 681 743 spiritu
714 671 830 726 motum
862 668 977 743 accipit,
1010 670 1161 727 venulae5

111 755 192 826 illae,
223 773 299 831 quae
325 756 362 814 ad
385 754 478 814 ubera
501 757 669 827 ascendunt,
703 757 739 815 de
769 756 855 816 uitali
887 760 973 815 motu
1005 758 1135 817 eiusdem

111 847 273 920 conceptus
296 847 328 903 et
349 843 385 903 de
408 845 522 904 virtute
545 846 759 904 elementorum
781 864 812 905 se
835 846 973 921 aperiunt
996 849 1027 904 et
1055 847 1134 905 dein·

113 950 184 1008 ceps
206 933 242 993 de
265 951 353 993 succo
377 933 512 992 ciborum
535 939 565 994 et
586 938 723 1011 potuum,
748 935 857 1011 quibus
879 953 986 1009 corpus
1002 934 1135 994 mulieris

111 1022 257 1097 nutritur,
288 1022 335 1081 lac
357 1022 395 1081 ad
417 1022 509 1082 ubera
540 1025 653 1085 ferunt.
696 1025 735 1083 Et
764 1025 810 1083 lac
842 1023 1005 1083 albedinem
1035 1023 1133 1096 habet,

113 1110 187 1187 qnia
209 1129 278 1170 cum
298 1110 381 1170 cibus
405 1116 435 1170 et
454 1116 543 1188 potus
559 1113 697 1189 sumitur,
719 1113 751 1171 in
767 1116 946 1189 praegnante
961 1112 1086 1172 muliere
1101 1113 1132 1171 in
1146 1119 1173 1164 10

113 1201 192 1258 duas
215 1203 315 1276 partes
337 1219 368 1259 se
391 1201 506 1272 dividit,
530 1202 573 1260 ita
596 1202 676 1278 quod
700 1203 794 1261 altera
815 1221 884 1277 pars
908 1222 943 1261 ex
966 1203 1133 1278 eosupple·

111 1292 250 1348 mentum
272 1289 389 1349 matrici
412 1290 533 1362 tribuit,
556 1291 650 1350 altera
672 1291 742 1350 lacti
764 1292 796 1349 in
818 1291 961 1350 uberibus
985 1292 1132 1351 subvenit.

112 1378 163 1437 Sic
184 1378 274 1437 etiam
297 1378 418 1456 sanguis
439 1379 471 1437 in
494 1379 610 1439 duabus
633 1381 748 1439 naturis
772 1381 895 1456 excistit,
919 1381 1031 1440 scilicet
1054 1381 1134 1457 quod

110 1466 210 1538 rubet,
234 1485 302 1526 cnm
324 1467 355 1526 in
378 1468 479 1545 quiete
502 1472 554 1544 est,
578 1471 609 1528 et
632 1469 713 1546 quod
736 1468 901 1528 albedinem
924 1470 1041 1545 emittit,
1066 1489 1134 1529 oum

111 1556 145 1614 in
168 1557 375 1616 commixtione
408 1558 497 1617 maris
527 1562 557 1618 et
588 1558 714 1618 feminae
744 1561 891 1619 movetur.
935 1557 1008 1616 Nam
1040 1561 1070 1617 et
1098 1559 1133 1618 de
1147 1565 1174 1610 15

113 1644 180 1705 cibo
202 1645 346 1704 frumenti
367 1648 398 1705 et
421 1646 457 1706 de
480 1647 545 1707 aliis
567 1648 659 1707 coctis
687 1648 759 1706 cibis
786 1648 832 1706 lac
860 1647 1023 1706 albedinem
1047 1648 1133 1724 capit,

114 1735 187 1810 qnia
209 1718 395 1794 frumentum
419 1735 516 1795 albam
538 1737 665 1795 farinam
685 1736 775 1795 habet
790 1740 820 1795 et
834 1737 925 1808 cibus,
941 1737 1013 1795 dum
1029 1737 1132 1813 coqui-

112 1826 173 1896 tur,
196 1823 294 1882 albam
317 1842 454 1900 spumam
477 1826 560 1898 eicit;
587 1826 630 1885 ita
658 1826 748 1884 etiarn
770 1826 853 1885 cibus
877 1829 908 1885 et
934 1828 1024 1902 potus
1050 1845 1134 1902 prae·

111 1913 232 1990 gnantis
264 1914 399 1972 mulieris
429 1915 514 1973 velut
544 1915 640 1973 albam
667 1933 804 1990 spumam
826 1933 880 1990 per
902 1934 1023 1974 succum
1046 1933 1134 1975 suum

111 2001 150 2061 ad
172 2002 266 2061 ubera
287 2003 369 2061 illius
391 2003 578 2067 transmittit.
615 2004 779 2080 Postquam
803 2007 904 2063 autem
925 2004 1021 2064 infans
1043 2014 1131 2064 natus
1144 2009 1173 2054 20

110 2091 213 2167 fuerit,
242 2094 273 2150 et
294 2095 453 2168 postquam
476 2093 584 2152 mulier
605 2096 763 2170 purgatur,
795 2094 920 2152 venulae
947 2094 1024 2169 illae,
1057 2113 1133 2170 quae

112 2179 151 2239 ad
173 2179 330 2240 matricem
353 2181 541 2257 descendunt,
566 2181 783 2242 contrahuntur
799 2184 831 2243 et
845 2183 965 2241 interim
980 2187 1133 2242 menstrua

111 2269 254 2341 educunt,
266 2269 339 2329 dnm
354 2271 479 2329 uenulae
494 2271 571 2343 illae,
588 2290 664 2348 quae
680 2271 717 2330 ad
728 2271 822 2330 ubera
832 2272 1001 2347 ascendunt,
1014 2272 1045 2330 in
1057 2271 1132 2330 lacte

110 2362 231 2434 apertae
246 2363 324 2420 sunt.
349 2358 437 2430 Quod
452 2364 553 2419 autem
568 2361 613 2420 lac
629 2361 661 2418 in
675 2360 819 2419 uberibus
834 2359 995 2436 habundat,
1011 2360 1132 2418 interim

111 2447 186 2506 dnm
199 2447 295 2508 infans
307 2448 397 2525 sugit,
409 2447 465 2508 hoc
476 2449 542 2508 ideo
559 2457 611 2521 est,
638 2450 761 2525 (quod)
786 2468 855 2508 oum
865 2449 961 2508 infans
973 2449 1063 2526 sugit,
1078 2468 1132 2524 per
1144 2456 1173 2501 ‘25

112 2537 281 2612 praedictas
303 2537 424 2597 venulas
447 2539 493 2596 lac
515 2539 648 2615 sugendo
672 2539 710 2598 ad
733 2538 825 2596 ubera
844 2537 938 2597 trahit
953 2541 983 2597 et
998 2537 1131 2614 sugendo

111 2643 231 2701 semper
253 2625 368 2685 aditum
390 2627 612 2702 praedictarum
643 2628 819 2687 uenularum
843 2627 880 2685 ad
907 2626 1000 2686 ubera
1026 2627 1131 2703 aperit.

177 2715 223 2774 De
244 2717 416 2777 monstrate.
461 2714 520 2786 Qui
548 2719 707 2793 postquam
735 2734 842 2793 sugere
869 2716 995 2792 desistit,
1025 2717 1072 2776 lac
1100 2717 1132 2775 in

109 2803 237 2863 muliere
259 2803 358 2864 deficit
380 2807 410 2863 et
432 2805 587 2876 evanescit,
610 2806 706 2865 etita
728 2805 860 2876 venulae,
883 2824 959 2880 quae
975 2805 1013 2864 ad
1027 2806 1130 2864 matri-

107 2911 174 2952 cem
196 2893 332 2968 tendunt,
354 2893 466 2952 iterum
489 2895 667 2970 aperiuntur
690 2897 720 2953 et
741 2894 855 2954 rivulos
877 2912 945 2954 snos
968 2895 1131 2954 secundnm
1144 2900 1173 2946 30

109 2985 247 3057 tempora
268 2999 324 3041 sua
350 2982 490 3044 educunt.
535 2982 592 3042 Sed
624 2983 697 3042 dum
723 2983 832 3042 mulier
859 2983 1003 3043 infantem
1030 2985 1130 3060 lactet,

108 3070 135 3129 si
156 3071 278 3130 interim
301 3071 439 3148 concipit,
463 3071 559 3131 adhuc
582 3071 693 3148 absque
714 3072 849 3146 periculo
872 3073 996 3133 infantis
1020 3074 1131 3133 lactare

109 3163 219 3236 potest,
242 3179 339 3237 nsque
362 3161 435 3219 dum
458 3164 615 3237 conceptus
638 3163 669 3220 in
692 3179 810 3221 carnem
833 3162 917 3221 etin
940 3181 1004 3222 ossa
1019 3162 1050 3220 in
1064 3163 1129 3238 ipsa

107 3248 271 3323 formatum
304 3253 335 3309 et
368 3253 441 3309 tunc
473 3250 618 3312 infantem
649 3251 759 3310 lactare
783 3251 915 3326 desistat,
950 3252 1022 3326 quia
1044 3250 1127 3310 forti-

108 3339 185 3398 tudo
208 3338 364 3399 eternitas
387 3340 470 3399 lactis
486 3339 524 3398 ad
539 3343 715 3416 conceptum
730 3359 784 3416 per
798 3343 951 3399 menstrua
966 3339 1126 3406 descendit,
1141 3345 1170 3390 35

107 3427 153 3487 ita
177 3427 258 3505 qnod
280 3427 327 3488 lac
349 3428 385 3488 ab
412 3427 553 3488 uberibus
576 3429 707 3488 eiusdem
730 3429 865 3488 mulieris
888 3429 984 3506 magis
1006 3429 1132 3488 livorem

109 3535 201 3594 qnam
224 3516 380 3578 sanitatem
403 3517 538 3595 deinceps
561 3518 706 3613 emittit..
