2460 3862
126 163 167 221 64
513 157 759 213 arnoscaanrs

125 341 279 415 emundat,
310 359 363 399 nec
386 358 493 416 corpus
516 340 546 398 in
569 341 632 399 ullo
656 341 722 400 loco
746 341 781 399 ab
806 342 903 400 anima
929 362 1062 403 vacuum
1090 347 1141 420 est,

125 431 197 507 quia
232 430 296 505 ipsa
332 430 427 488 calore
465 448 519 489 suo
551 433 652 489 totum
681 449 789 506 corpus
823 432 988 507 perfundit.
1044 432 1141 492 Homo

124 537 252 595 namque
283 537 318 577 ex
350 522 479 594 quatuor
514 519 665 578 elementis
701 523 817 580 creatus
849 524 976 597 constat,
1012 541 1142 599 quorum

125 609 184 667 duo
215 607 374 683 spiritalia,
408 607 468 667 duo
499 609 627 666 carnalia
657 611 740 683 sunt,
776 609 854 686 ignis
886 611 1000 670 scilicet
1032 615 1065 671 et
1095 631 1142 671 aer

97 697 278 773 aspiritalia,
302 716 379 773 aqua
402 715 472 757 vero
495 700 525 756 et
554 699 634 756 terra
661 698 798 759 carnalia.
843 698 883 758 Et
910 699 982 759 haec
1010 704 1141 776 quatuor

124 787 156 845 in
171 787 289 845 homine
304 787 335 845 in
350 807 444 846 unum
467 805 497 845 so
520 786 713 863 coniungunt,
736 788 836 864 ipsum
860 807 981 864 quoque
997 793 1139 866 coquunt,

125 879 160 934 ut
187 876 365 951 sanguineus
394 879 423 934 et
451 875 574 934 carnalis
602 895 670 934 oum
697 877 835 936 omnibus
867 878 1052 953 appendiciis
1081 879 1139 939 suis

124 964 186 1028 fiat.
231 963 288 1023 Sed
311 965 389 1042 ignis
417 968 447 1023 et
480 984 557 1040 aqua
579 965 636 1024 sibi
662 965 791 1024 invicem
818 968 966 1025 contraria
993 971 1066 1027 sunt
1092 986 1140 1027 noc

124 1054 156 1112 in
187 1073 282 1112 unum
313 1053 447 1112 habitare
483 1058 622 1129 possunt,
658 1055 737 1113 unde
775 1057 906 1131 oportet,
942 1060 978 1114 ut
1014 1060 1140 1135 uterque

86 1154 113 1199 10
127 1162 231 1202 eorum
252 1163 306 1219 per
328 1143 507 1220 magistrum
534 1148 665 1220 regatur.
710 1143 799 1220 Aqua
823 1145 913 1204 etiam
934 1145 1000 1221 igni
1022 1147 1140 1218 resistit,

124 1253 160 1292 ne
183 1233 317 1308 ulterius,
347 1252 437 1308 quam
459 1232 576 1308 positus
600 1235 652 1308 ost,
681 1233 809 1293 ardendo
832 1234 981 1310 procedat,
1010 1239 1042 1294 et
1064 1235 1140 1313 ignis

124 1341 233 1397 aquam
255 1321 440 1399 constringit,
464 1341 500 1380 ne
523 1321 606 1381 ultra
628 1322 756 1381 calorem
778 1322 920 1382 siccitatis
943 1324 1022 1399 plus,
1053 1345 1141 1400 quam

124 1411 240 1469 iustum
262 1412 309 1486 sit,
333 1411 414 1488 fluat,
438 1414 469 1470 et
490 1411 565 1469 istae
588 1411 663 1470 duae
686 1411 765 1470 vires
787 1412 866 1488 ignis
887 1416 917 1471 et
938 1433 1032 1489 aquae
1049 1417 1141 1474 totam

124 1504 236 1558 terram
259 1519 327 1560 cum
350 1520 415 1559 aare
438 1501 566 1560 nubium
589 1503 763 1577 temperent,
786 1504 822 1559 ut
844 1501 1008 1561 subsistant
1031 1508 1063 1563 et
1085 1522 1141 1563 non

85 1600 111 1645 15
126 1588 271 1651 deficiant.
322 1590 371 1649 Sic
398 1609 517 1666 quoque
548 1590 579 1648 in
608 1590 751 1666 sanguine
777 1588 907 1648 hominis
935 1593 992 1668 est,
1024 1593 1081 1669 qui
1108 1592 1140 1651 do

125 1679 223 1740 calore
256 1679 335 1755 ignis
368 1680 457 1738 rubet
491 1682 522 1737 et
553 1680 588 1738 de
621 1699 700 1755 aqua
733 1697 863 1754 aquosus
903 1683 959 1756 est,
1000 1681 1086 1756 quia,
1117 1681 1141 1740 si

125 1768 246 1844 sanguis
268 1767 300 1825 in
316 1767 410 1826 calore
426 1787 480 1826 suo
497 1787 627 1844 aquosus
642 1787 702 1826 non
718 1771 801 1843 esset,
818 1787 1009 1845 nequaquam
1023 1770 1138 1845 flueret,

125 1857 175 1915 sed
192 1858 337 1915 aresceret
348 1860 378 1915 et
394 1857 479 1932 quasi
491 1875 615 1932 squama
631 1857 758 1918 caderet.
784 1856 816 1915 Si
828 1857 918 1917 etiam
934 1861 1015 1917 terra
1031 1878 1141 1936 aquosa

125 1964 184 2004 non
207 1949 291 2020 esset,
315 1945 394 2005 sicut
416 1945 529 2021 stipula
543 1950 741 2023 spargeretur,
765 1965 818 2005 neo
841 1967 901 2005 una
923 1947 1043 2024 integra
1067 1967 1141 2008 crea

84 2046 112 2091 20
125 2037 195 2092 tura
217 2053 278 2094 esse
301 2038 409 2110 posset.
443 2034 529 2093 Unde
545 2036 582 2094 ad
596 2036 668 2094 istas
686 2036 758 2094 duas
774 2035 853 2094 vires
868 2036 985 2112 reliqua
1005 2042 1142 2096 creatura

125 2123 240 2199 pendet,
257 2127 288 2183 et
303 2125 414 2200 absquo
425 2124 491 2183 istis
502 2125 586 2182 nulla
601 2125 699 2183 forma
714 2126 902 2200 formaretur,
915 2127 946 2184 et
956 2126 981 2184 si
994 2125 1068 2187 haec
1083 2126 1141 2186 duo

124 2213 156 2271 iu
186 2233 281 2271 unum
308 2214 352 2271 ita
384 2212 541 2272 coniuncta
571 2233 630 2272 non
663 2217 771 2288 essent,
804 2217 917 2274 ceterae
948 2215 1062 2275 formae
1084 2235 1143 2275 non

125 2302 326 2366 subsisterent.
371 2302 453 2361 Deus
477 2303 586 2361 etenim
609 2304 650 2362 sio
673 2303 822 2362 hominem
846 2304 881 2361 de
903 2306 1000 2362 terrae
1030 2305 1142 2365 creavit

124 2392 209 2468 limo,
241 2393 321 2468 quod
355 2392 419 2468 ipse
454 2411 523 2450 oum
559 2392 717 2468 spiramine
753 2392 877 2468 animae,
910 2395 991 2452 terra
1022 2413 1141 2470 aquosa,

85 2492 113 2538 25
126 2480 214 2558 ignea
229 2484 259 2541 et
273 2501 356 2541 aerea
372 2481 514 2552 consistit,
535 2484 564 2539 et
583 2482 626 2540 ita
646 2481 743 2539 anima
758 2481 907 2540 hominem
922 2501 991 2541 cum
1012 2485 1143 2558 quatuor

125 2571 276 2630 elementis
308 2574 421 2643 movet,
457 2570 528 2647 quia
557 2589 611 2646 per
642 2573 754 2629 terram
784 2571 911 2629 formata
942 2570 1042 2647 figura
1075 2591 1142 2631 cum

125 2660 220 2737 digito
252 2661 299 2720 dei
330 2660 465 2720 consistit
497 2663 527 2718 et
558 2678 611 2735 per
642 2680 751 2735 aquam
779 2659 934 2732 miscetur,
965 2679 1019 2735 por
1044 2680 1144 2721 aerem

125 2753 262 2808 movetur
285 2753 375 2825 atque
397 2768 451 2825 per
473 2749 574 2826 ignem
596 2749 745 2824 coquitur.
791 2746 904 2824 Corpus
928 2752 1030 2807 autem
1054 2748 1144 2809 habet

125 2841 257 2914 gustum,
273 2843 380 2915 gustus
396 2839 628 2911 delectationem,
652 2838 749 2895 anima
764 2857 835 2896 vero
853 2837 1041 2914 desidorium,
1067 2838 1143 2898 desi·

83 2927 243 2985 sudarium
265 2930 365 2985 autem
388 2929 582 2988 voluntatem.
617 2926 657 2985 Et
680 2927 777 2984 anima
801 2930 846 2986 est
868 2930 904 2985 ut
926 2927 1014 3004 ignis,
1035 2944 1143 3005 corpus

124 3035 194 3076 vero
226 3019 262 3074 ut
292 3037 382 3092 aqua,
415 3020 445 3075 et
476 3016 566 3074 simul
597 3019 676 3078 sunt.
721 3014 770 3075 Sic
796 3017 884 3075 homo
913 3035 989 3092 opus
1018 3016 1068 3075 dei
1091 3019 1143 3076 est

123 3105 196 3164 Ideo
224 3106 314 3164 etiam
342 3105 483 3182 quodque
511 3123 599 3181 opuS,
627 3105 708 3181 quod
731 3124 838 3180 corpus
866 3105 1012 3181 postulat,
1047 3106 1144 3164 anima

124 3196 156 3253 in
178 3195 243 3271 ipso
267 3198 419 3271 operatur,
450 3193 577 3270 ideoque
605 3194 702 3252 anima
731 3194 882 3269 operatrix
905 3197 950 3253 est
982 3197 1012 3253 et
1035 3213 1142 3271 corpus

124 3284 283 3356 desiderat,
311 3283 468 3360 animaque
497 3284 649 3359 potentior
676 3301 799 3359 corporo
825 3286 884 3359 est,
913 3283 1056 3360 quoniam
1079 3285 1143 3360 ipsa

83 3383 111 3430 35
126 3374 306 3433 desiderium
336 3374 431 3449 ipsius
466 3372 596 3449 perficit,
630 3391 683 3432 nec
718 3372 784 3448 ipse
819 3372 1049 3448 possibilitatem
1083 3373 1144 3433 sine

125 3482 247 3539 corpore
262 3463 389 3521 hominis
412 3462 540 3534 haberet,
565 3481 641 3538 quae
663 3461 820 3536 hominem,
845 3462 898 3536 qui
922 3479 996 3537 opus
1020 3461 1069 3521 dei
1092 3464 1143 3536 est,

110 3553 284 3624 pertransit
306 3555 338 3612 et
357 3555 475 3628 movet3
499 3555 530 3613 et
544 3551 610 3630 ipsa
625 3550 736 3629 absque
758 3569 880 3626 corpore
903 3569 962 3610 non
984 3554 1069 3628 esset,
1092 3569 1144 3611 nec
