2460 3862
125 159 187 219 166
511 151 757 208 HlLDEGARDIS

122 339 165 401 sic
194 355 281 413 saepe
311 337 400 396 faciat
432 340 462 396 et
493 357 511 394 a
542 337 687 397 lavatione
718 336 824 411 capitis
857 337 905 396 sui
933 355 965 396 se
989 336 1124 396 abstineat.

124 425 199 484 Nam
222 427 303 485 calor
326 427 442 486 arvinae
465 427 528 485 ursi
551 429 675 485 naturae
697 426 787 484 huius
812 430 865 498 est,
889 426 974 502 quod
995 426 1124 502 plurimu

124 517 217 575 crines
239 515 401 593 producere
425 516 509 586 solet,
534 518 564 574 et
585 515 704 575 favillae
736 515 772 573 de
800 515 920 575 triticeo
945 517 999 574 aut
1021 512 1124 574 9199111-

124 605 212 682 gineo
236 605 374 664 stramine
398 605 491 663 crines
514 606 689 675 confortant
712 624 749 663 ne
773 604 834 664 cito
857 605 974 667 cadant.
1011 605 1125 663 Etcum

96 694 196 753 sheec
218 694 276 752 sibi
298 696 566 769 contemperantur,
590 696 626 752 ut
648 694 835 767 praedictum
859 695 911 769 est,
935 694 1033 753 crinas
1047 693 1124 752 honi·

126 784 170 842 nis
193 786 276 843 tanto
300 783 414 842 diutius
433 783 570 854 retinent,
592 801 629 840 ne
651 783 767 845 cadant.

191 873 236 932 Dc
258 873 366 945 capitis
388 872 486 932 dolore
509 888 544 931 ec
566 873 750 933 melancolia.
795 870 826 930 Si
854 872 979 932 diversis
1002 872 1121 931 febribus

125 961 298 1020 melancolia
320 963 400 1020 tacta
422 962 577 1020 cerebrum
598 961 726 1020 hominis
749 960 848 1020 dolere
874 961 960 1037 facit,
988 961 1040 1020 ille
1067 959 1125 1018 mel·

124 1070 193 1109 vam
216 1050 341 1126 accipiat
363 1054 394 1109 et
415 1051 461 1109 bis
483 1053 601 1109 tantum
617 1051 725 1110 salviae
748 1052 778 1109 et
793 1049 832 1108 ad
846 1068 966 1110 succum
983 1050 1016 1109 in
1030 1052 1124 1109 morta·

85 1141 169 1234 ignia
192 1139 300 1199 tundat
315 1141 345 1198 et
362 1139 434 1198 haec
449 1140 565 1199 modico
582 1140 731 1200 baumoleo
753 1142 900 1217 aspergat,
922 1140 971 1198 vel
993 1141 1020 1198 si
1043 1139 1125 1198 olem

124 1228 181 1288 hoc
196 1247 256 1288 non
270 1228 417 1303 hebuerit,
440 1232 522 1288 aceto
546 1249 580 1288 ea
602 1229 716 1288 modice
738 1232 884 1306 aspergat,
908 1229 997 1288 etsie
1012 1248 1030 1286 a
1045 1229 1124 1288 fronte

126 1338 179 1394 per
201 1318 341 1377 verticem
368 1335 463 1394 usque
491 1319 528 1376 ad
556 1319 677 1393 occiput
699 1337 786 1377 suum
810 1320 902 1394 ponat
924 1321 956 1376 et
977 1337 1074 1393 penno
1092 1316 1123 1373 in·

126 1407 214 1467 simul
236 1407 310 1485 liget
333 1410 362 1465 et
384 1407 439 1466 hoc
461 1425 515 1482 per
537 1407 673 1466 triduum
695 1408 794 1470 faciat.
837 1406 882 1466 Ae
904 1407 936 1465 in
968 1406 1014 1466 his
1045 1405 1124 1467 tribus

127 1497 230 1556 diebus
262 1497 338 1556 circa
367 1501 483 1555 noctem
508 1500 561 1555 aut
583 1497 731 1556 boumclcc
754 1499 808 1555 aut
830 1499 912 1555 aceto
935 1497 1087 1556 renovabit
1102 1497 1124 1550 et
1161 1556 1164 1561 ,

85 1596 111 1640 15
125 1587 245 1662 insuper
268 1587 309 1645 sic
332 1586 547 1660 faciebusque
570 1585 642 1644 dum
665 1586 772 1644 melius
788 1586 903 1647 habeat.
939 1584 1016 1643 Nam
1037 1599 1123 1644 succus

125 1675 239 1733 malvae
262 1675 464 1734 melancoliam
491 1674 639 1749 dissolvit,
673 1693 778 1734 succus
809 1679 911 1733 autem
939 1675 1050 1733 salviae
1074 1688 1123 1732 eam

124 1765 257 1837 exsiccat,
273 1765 454 1824 bouenolcum
468 1782 539 1823 vero
556 1767 646 1839 caput
661 1763 717 1823 hoc
732 1764 821 1822 modo
846 1764 1009 1839 fatigatum
1024 1760 1123 1838 unguit

124 1855 241 1912 acetum
274 1856 372 1912 autem
403 1871 526 1912 acumen
558 1853 747 1912 melancoliae
774 1852 910 1911 extrahit.
957 1851 1044 1911 Unde
1068 1852 1122 1909 haec
1164 1894 1166 1923 ,

126 1942 215 2000 simul
238 1944 400 2017 temperata
422 1942 555 2001 dolorem
577 1942 656 2001 hunc
679 1942 783 2018 capitis
805 1942 956 2018 mitigant.

83 2039 112 2084 ac
193 2031 238 2089 Dc
260 2032 400 2093 amentio.
445 2030 477 2089 si
500 2030 589 2089 alicui
612 2031 764 2090 cerebrum
786 2030 997 2106 infrigidatum
1021 2033 1070 2100 est,
1093 2027 1126 2085 ita

126 2118 207 2193 quod
228 2118 296 2178 inde
320 2139 418 2178 amens
442 2120 583 2194 efficitur,
615 2121 713 2196 accipe
744 2119 847 2178 baccas
875 2120 954 2178 lauri
989 2124 1019 2179 et
1041 2116 1124 2178 casin
1164 2120 1166 2195 ζ

126 2209 279 2284 pulverem
302 2209 402 2285 redige
434 2213 464 2267 et
485 2211 557 2269 tunc
580 2210 678 2285 accipe
700 2209 826 2266 farinam
849 2209 963 2267 similae
986 2212 1017 2268 et
1038 2208 1123 2284 pulve·
1164 2198 1166 2275 Ῑ

126 2317 188 2356 rem
217 2298 309 2357 istum
331 2298 489 2357 baccarum
513 2300 539 2357 ei
562 2299 717 2358 commisce
746 2299 840 2356 etsie
870 2316 939 2356 cum
962 2317 1041 2374 aqua
1061 2293 1126 2356 99111
1164 2356 1166 2361 .

126 2392 155 2446 et
187 2387 317 2446 crinibus
345 2385 448 2463 capitis
470 2388 553 2446 illius
576 2387 686 2446 abrasis
710 2387 792 2446 9191911
814 2387 907 2445 istum
930 2405 1021 2463 super
1042 2388 1125 2446 191911
1164 2404 1166 2417 ·

86 2487 113 2530 25
127 2478 217 2552 caput
245 2476 328 2535 illius
359 2496 435 2552 pone
467 2480 497 2535 et
528 2476 654 2551 desuper
684 2496 752 2535 oum
774 2476 864 2552 pilleo
889 2476 924 2534 de
948 2476 1039 2535 viltro
1060 2475 1124 2532 facte

128 2565 302 2640 constringe,
318 2565 458 2640 quatinus
479 2567 568 2641 caput
592 2567 654 2624 eius
670 2565 795 2624 interius
809 2565 975 2641 incalescat,
1001 2567 1031 2623 et
1049 2566 1082 2623 ut
1094 2562 1127 2619 iu
1164 2608 1166 2613 .

128 2654 306 2726 obdormiat;
338 2657 368 2713 et
395 2655 522 2713 calorem
554 2654 673 2714 cerebro
706 2655 828 2716 confert.
873 2653 931 2713 Sed
964 2672 1032 2714 curn
1059 2649 1128 2712 (19191
1164 2646 1166 2661 “

127 2743 182 2802 iste
209 2744 384 2814 exsiccatur,
412 2744 521 2801 iterum
544 2744 636 2802 alium
660 2743 762 2802 eodem
792 2743 879 2802 modo
902 2762 977 2819 para
1002 2747 1032 2802 ct
1053 2739 1128 2817 capiti
1164 2758 1166 2785 ÷

128 2832 208 2890 illius
223 2849 395 2907 superpone,
419 2836 449 2891 et
464 2834 505 2891 sic
520 2851 606 2908 saepe
622 2833 676 2908 fac,
699 2833 794 2892 atille
809 2850 909 2891 sensus
923 2851 992 2892 suos
1008 2830 1126 2907 recipiet.

85 2930 115 2975 30
195 2924 242 2981 Dc
264 2922 444 2994 emipruuec.
492 2921 549 2992 Qui
572 2922 770 2998 emigraneam
792 2922 915 2997 patitur,
947 2922 1013 2981 aloe
1043 2924 1071 2980 et
1093 2917 1130 2977 bis

129 3011 246 3067 tantum
269 3028 385 3085 myrrae
408 3009 533 3085 accipiat
555 3014 585 3070 et
599 3011 670 3070 haec
692 3011 723 3069 in
739 3011 971 3070 minutissimum
989 3011 1130 3087 pulverem

128 3097 245 3174 redigat
267 3116 300 3157 ac
323 3098 426 3158 deinde
449 3100 575 3158 farinam
599 3100 712 3158 similae
735 3100 824 3159 tollat
851 3102 881 3158 et
903 3099 949 3158 his
972 3101 1071 3159 oleum
1089 3115 1131 3172 pa

129 3188 244 3263 paveris
277 3187 366 3246 addat
398 3194 428 3247 et
459 3190 501 3247 sic
533 3207 666 3265 massam,
698 3189 811 3249 scilicet
838 3189 924 3264 quasi
957 3188 1133 3253 fermentum,

128 3278 219 3337 faeiat
251 3284 281 3336 et
310 3295 376 3336 cum
399 3278 455 3337 hoe
477 3278 621 3337 fermento
644 3282 743 3338 totum
766 3280 856 3354 caput
877 3295 975 3354 usque
999 3278 1037 3338 ad
1058 3291 1134 3337 annes

88 3377 115 3422 ss
129 3371 160 3425 et
188 3385 282 3443 usque
310 3367 346 3425 ad
374 3368 485 3426 collum
517 3371 600 3445 tegat
631 3369 721 3443 pilleo
754 3367 880 3444 desuper
911 3367 1010 3443 posito
1043 3371 1072 3427 et
1100 3365 1135 3425 sie

129 3475 183 3531 per
211 3456 347 3515 triduum
370 3463 455 3515 nocte
479 3475 512 3514 ac
535 3455 582 3515 die
604 3457 680 3515 illud
703 3475 793 3533 super
815 3459 907 3533 eaput
930 3475 1021 3516 suum
1042 3460 1135 3533 ponat.

123 3543 214 3604 Calor
237 3545 315 3605 enim
340 3545 423 3606 aleae
448 3548 480 3605 et
505 3545 620 3605 siccitas
648 3565 765 3623 myrrae
795 3564 863 3604 cum
896 3545 1045 3608 suavitate
1074 3544 1135 3604 fari·
