2460 3862
123 179 164 239 32
510 172 755 230 subsolanis

123 359 296 435 corporibus
318 359 474 420 hominnm
500 358 669 434 conferunt,
701 359 782 434 quod
814 359 875 418 dies
905 359 948 418 ibi
980 359 1142 420 inclinatur

123 453 153 509 et
175 467 234 508 nox
256 449 368 527 surgit;
400 449 540 525 quoniam
571 466 638 507 cum
670 467 722 506 rex
753 448 785 506 in
816 447 929 508 honore
961 467 1015 509 suo
1046 451 1140 526 stetit,

122 538 238 598 malitia
263 537 306 596 ibi
333 538 554 597 vociferabatur
580 543 611 596 et
638 556 788 597 summum
811 557 912 615 regem
935 536 1067 598 tenebris
1091 539 1141 599 ob·

123 646 241 687 scurare
264 627 373 700 voluit3
397 627 447 687 sad
469 627 535 703 ipsa
557 629 587 685 εὴ
609 627 685 686 acies
708 645 762 686 sua
777 627 973 703 torpescebat,
1009 628 1141 689 Arbores

96 719 232 787 sautem,
256 718 308 793 qui
330 717 361 775 in
384 716 510 776 australi
531 717 622 792 plaga
644 715 680 774 de
703 715 788 791 aquis
811 716 880 787 illis,
904 735 979 792 quae
998 716 1042 776 ibi
1057 718 1141 777 efflu-

122 809 186 877 unt,
209 806 354 883 rigantur,
369 804 442 865 bene
457 805 618 880 proficiunt
633 810 662 864 et
677 805 807 881 plurima
821 799 955 882 pomaria
969 806 1141 881 proferunt,

123 914 198 970 quae
221 895 311 954 etiam
334 895 441 953 durare
464 897 597 968 possunt,
621 894 701 970 quod
724 895 820 954 calore
842 896 965 972 perlusa
987 899 1067 957 sunt.
1103 896 1143 956 Et

123 985 307 1043 frumentum
343 984 386 1043 ibi
421 982 574 1043 habundat
608 986 639 1042 et
672 984 783 1060 pingue
821 988 852 1043 εὴ
886 984 1059 1045 deliciosum
1098 990 1144 1046 est

124 1077 213 1150 atque
244 1075 348 1134 vinum
377 1072 421 1132 ibi
452 1072 605 1131 habundat
637 1075 666 1131 et
696 1073 868 1132 deliciosum
896 1078 940 1134 est
963 1076 993 1133 et
1014 1074 1143 1134 multam

83 1172 109 1216 1o
123 1163 185 1223 vim
220 1163 310 1222 habet
341 1181 394 1221 nec
432 1162 518 1221 facile
549 1162 641 1238 perit,
680 1162 731 1220 sed
768 1161 875 1221 durare
909 1167 1021 1240 potest,
1060 1164 1143 1240 quod

123 1252 220 1311 multo
250 1253 345 1312 calore
374 1252 405 1309 in
437 1252 574 1327 partibus
600 1250 660 1310 illis
688 1253 886 1326 temperatum
910 1255 966 1326 est;
999 1253 1143 1328 quoniam

122 1341 227 1400 vinum
270 1341 306 1399 de
349 1341 446 1400 calore
492 1341 562 1416 plus
608 1360 698 1416 quam
741 1339 777 1399 de
819 1341 930 1418 frigore
967 1342 1073 1401 crescit
1112 1346 1143 1403 et

123 1431 219 1507 frigus
249 1431 352 1491 vinum
383 1429 452 1504 plus
484 1429 577 1489 laedit
608 1449 698 1506 quam
726 1430 814 1493 calor.
860 1429 917 1489 Sed
940 1430 1048 1490 herbae
1075 1430 1142 1490 hor-

123 1523 224 1580 torum
256 1525 286 1580 et
317 1537 500 1595 camporum,
531 1539 605 1595 quae
635 1519 666 1577 in
698 1519 805 1578 eisdem
833 1519 969 1595 partibus
1004 1520 1039 1580 do
1069 1521 1150 1597 ipsis⁸

85 1616 111 1662 15
125 1610 209 1684 aquis
232 1609 405 1686 irrigentur,
429 1627 505 1683 quae
528 1609 564 1668 de
588 1610 689 1668 austro
712 1608 817 1684 fluunt,
841 1609 961 1686 fragiles
982 1629 1015 1669 ac
1031 1608 1143 1671 debiles

125 1700 154 1756 et
175 1698 285 1757 lividae
307 1701 377 1756 sunt
401 1715 434 1755 ac
456 1697 541 1756 facile
564 1701 699 1773 pereunt,
725 1697 866 1778 quoniam
882 1702 963 1758 recta
978 1699 1143 1760 humiditas

125 1787 200 1845 aeris
223 1787 295 1862 ipsis
318 1787 466 1846 abstracta
489 1789 541 1849 est.
575 1785 635 1846 Nec
650 1787 781 1845 multum
795 1787 884 1846 utiles
900 1789 969 1846 sunt
988 1787 1025 1846 ad
1041 1788 1144 1847 cibum

124 1894 178 1934 neo
201 1876 238 1934 ad
260 1879 379 1951 potum;
407 1875 458 1934 sed
481 1876 571 1934 etad
594 1875 769 1935 medicinam
792 1895 898 1952 parum
920 1877 1034 1951 valent,
1060 1878 1144 1952 quod

126 1964 213 2023 facile
252 1966 398 2036 arescunt3
441 1983 495 2023 nec
537 1965 626 2024 etiam
669 1966 799 2023 multum
837 1965 993 2041 pecoribus
1030 1967 1142 2039 valent,

83 2063 113 2107 20
126 2053 266 2128 quoniam
294 2055 355 2111 tam
378 2053 511 2112 homines
534 2073 624 2129 quarn
646 2073 752 2128 pecora
776 2073 810 2112 ex
833 2055 874 2112 ais
896 2074 1004 2129 parum
1026 2055 1142 2130 profici·

124 2145 188 2204 unt.
232 2140 363 2201 Arbores
384 2161 463 2217 vero,
488 2161 562 2218 quae
585 2143 617 2201 in
639 2143 862 2218 septentrionali
885 2144 975 2220 plaga
998 2145 1033 2204 do
1057 2146 1143 2220 aquis

124 2231 185 2291 illis
201 2231 375 2309 irrigantur,
400 2251 475 2307 quae
490 2231 533 2289 ibi
549 2232 694 2306 oriuntur,
718 2232 804 2291 facile
821 2237 956 2308 pereunt,
979 2237 1009 2292 et
1024 2234 1142 2294 fructus

125 2341 227 2381 aarum
250 2321 282 2379 in
304 2321 400 2397 pomis
424 2321 506 2380 etin
530 2321 633 2380 ceteris
656 2320 802 2380 similibus
829 2341 889 2381 non
917 2321 989 2381 bene
1017 2324 1145 2397 proficit,

127 2411 207 2487 quod
239 2411 335 2488 frigus
367 2429 417 2471 eos
449 2411 550 2471 laedit.
604 2408 661 2468 Sed
692 2414 722 2470 ct
753 2410 936 2470 frumentum
968 2411 1012 2470 ibi
1044 2413 1142 2472 multo

83 2510 110 2555 25
124 2500 225 2560 labore
256 2500 437 2576 acquiritur,
470 2504 500 2559 et
531 2500 597 2559 ideo
628 2499 781 2558 minutum
813 2519 847 2559 ac
874 2501 946 2559 lolio
975 2504 1005 2559 et
1035 2501 1146 2560 zizania

125 2590 305 2665 permixtum
334 2592 389 2662 est,
423 2591 474 2649 sed
496 2592 595 2648 tamen
619 2588 804 2664 aliquantum
828 2589 908 2648 forte
931 2592 984 2651 est.
1030 2589 1145 2648 Vinum

126 2698 245 2754 quoque
267 2680 381 2739 modice
403 2679 447 2738 ibi
469 2678 584 2750 crescit,
615 2681 644 2737 et
667 2678 733 2737 ideo
757 2681 879 2737 acutum
903 2682 933 2737 et
956 2679 1144 2754 aliquantum

126 2767 265 2826 acerbum
288 2771 319 2826 et
341 2787 399 2826 non
423 2769 554 2827 multum
581 2767 681 2842 dulce,
714 2767 794 2842 quod
826 2768 871 2827 sol
901 2768 978 2827 illud
1009 2768 1052 2827 ibi
1084 2787 1144 2828 non

125 2859 281 2931 temperat.
315 2855 432 2915 Harbae
448 2876 566 2934 quoque
582 2859 644 2915 tam
667 2856 824 2916 hortorum
848 2877 938 2932 quam
960 2875 1145 2935 camporum,

84 2954 112 3000 3ο
127 2946 179 3020 qui
203 2944 238 3002 de
262 2945 347 3020 aquis
369 2945 429 3003 illis
453 2945 731 3020 septentrionalibus
756 2946 906 3022 rigantur,
934 2946 1061 3022 pingues
1085 2966 1145 3006 non

126 3037 197 3093 sunt
227 3053 280 3092 neo
311 3035 442 3092 multum
474 3034 510 3092 ad
538 3034 714 3093 medicinam
741 3035 850 3096 valent.
895 3034 953 3094 Sed
976 3055 1062 3096 sanos
1085 3055 1145 3096 non

125 3123 259 3195 laedunt,
291 3122 415 3181 infirmis
447 3127 547 3182 autem
579 3124 699 3200 obsunt,
735 3125 877 3199 quoniam
908 3143 961 3184 nec
993 3125 1030 3184 de
1062 3129 1144 3185 recto

126 3214 222 3272 calore
250 3231 304 3271 nec
332 3213 368 3271 de
396 3215 477 3272 recto
506 3211 602 3272 calore
625 3232 679 3272 nec
702 3212 737 3272 de
760 3216 842 3272 recta
864 3212 1042 3273 humiditate
1067 3233 1146 3274 cres·

126 3305 198 3362 cunt
224 3302 273 3361 sed
303 3301 338 3360 da
363 3301 488 3379 frigore,
517 3306 548 3361 et
569 3302 635 3360 ideo
659 3321 717 3362 non
745 3304 875 3361 multum
902 3303 1062 3378 proficiunt
1091 3321 1147 3363 nec

85 3401 113 3446 35
126 3392 255 3450 multum
279 3390 391 3452 fertiles
413 3394 492 3454 sunt.

193 3481 238 3540 De
255 3481 375 3559 pluvia.
420 3480 539 3556 Pluvia,
568 3499 643 3557 quae
666 3485 785 3556 repente
809 3484 839 3539 et
866 3499 975 3557 magna
1003 3481 1147 3542 effusione

112 3585 211 3641 anper
231 3573 342 3629 terram
367 3569 460 3649 cadit,
491 3570 580 3632 noxia
603 3574 648 3631 est
669 3573 701 3630 ct
721 3573 836 3630 terram
857 3569 1026 3630 attractus
1049 3573 1147 3632 terrae
