2460 3862
319 107 460 164 CAUSAE
479 108 525 162 ΕΤ
544 108 665 163 CURAE
684 109 751 162 LlB.
770 106 817 163 IV.
1017 113 1078 173 191

58 313 197 370 zuccaro,
221 298 367 371 quantum
391 293 491 370 pulvis
517 293 573 351 iste
601 297 715 369 pensat.
760 293 847 363 Quod
874 311 942 352 cum
969 293 1078 368 fecerit,

57 385 165 444 omnia
189 384 278 443 simul
294 387 398 461 penset
415 383 452 441 ad
467 382 584 458 pondus
598 383 725 460 triginta
740 401 938 446 nummorum.
967 383 1080 441 Deinde

55 474 192 549 accipiat
224 474 259 533 de
282 474 443 551 purissima
472 472 602 531 farinula
623 467 753 548 similae,
782 476 928 548 quantum
960 473 1082 530 dimidia

53 566 143 623 testa
165 563 249 622 nucis
273 563 362 639 capit,
391 565 561 621 attentum
584 562 668 621 lactis
692 563 728 620 de
751 563 906 636 citocacia,
938 566 1083 636 quantum

53 653 156 712 incisa
173 671 268 728 penna
283 652 436 727 scriptoris
451 652 482 708 in
497 651 636 710 incisione
652 656 751 710 tenere
766 654 878 726 potent,
898 650 929 708 id
945 655 990 709 est
1005 652 1109 710 sioute

52 743 194 818 scriptor
225 760 350 817 pennam
382 741 413 798 in
436 740 569 798 incausto
592 741 727 817 intingit,
756 744 786 798 et
809 740 851 799 sic
874 740 909 797 de
932 740 1082 814 praedicto

54 831 190 907 pulvere
214 833 244 888 et
266 831 301 890 de
324 830 454 901 farinula
477 833 506 887 et
529 829 565 887 de
593 831 668 888 lacte
697 830 852 889 citocaeiae
879 829 1083 887 tenuissimam

54 938 194 979 massam
208 919 293 980 velut
308 919 464 978 tortellum
487 918 577 976 faeiat
600 921 727 977 athana
751 937 877 977 massam
899 918 930 975 in
954 922 1083 993 quatuor

54 1011 164 1085 partes
188 1007 303 1069 dividat
325 1012 355 1067 εὴ
379 1007 416 1065 ad
439 1008 531 1066 solem
554 1008 585 1065 in
608 1007 715 1067 Martio
739 1010 787 1067 vel
810 1009 840 1066 in
864 1007 963 1082 Aprili
986 1008 1082 1081 siccet,

57 1099 209 1176 quoniam
231 1099 262 1156 in
284 1097 434 1156 mensibus
456 1097 521 1155 istis
543 1097 644 1155 radius
668 1098 737 1156 solis
761 1098 803 1155 ita
825 1101 1008 1172 temperatus
1031 1102 1123 1167 est,10

58 1187 149 1266 quod
172 1206 225 1246 nec
247 1187 335 1246 nimis
359 1187 470 1246 calidus
498 1205 551 1244 nec
573 1187 660 1244 nimis
684 1187 811 1263 frigidus
831 1191 937 1260 (est),
965 1189 995 1244 et
1016 1186 1083 1244 ideo

56 1277 224 1336 sanitatem
246 1277 403 1352 praecipue
427 1275 521 1334 affert.
567 1275 652 1345 Quod
675 1276 700 1335 si
723 1277 754 1333 in
780 1276 846 1334 istis
868 1275 1016 1333 mensibus
1038 1276 1083 1333 lac

59 1367 100 1426 de
124 1366 279 1442 praedicta
302 1365 440 1424 citocaeia
462 1363 570 1423 habere
598 1384 656 1423 non
683 1366 807 1440 poterit,
835 1366 878 1422 ita
907 1365 987 1440 quod
1015 1383 1083 1422 eum

67 1458 233 1530 <oportet>
257 1455 375 1513 differre
398 1455 435 1512 ad
458 1453 578 1524 Maium,
601 1457 674 1512 tunc
697 1456 785 1513 etiam
806 1454 939 1528 praefato
962 1454 1082 1512 tortello

60 1546 94 1603 in
128 1545 208 1603 Maio
242 1544 322 1602 facto
353 1544 390 1602 ad
421 1543 514 1602 solem
547 1543 636 1601 etiam
664 1543 736 1601 Maii
768 1544 892 1601 exsiccet
919 1546 949 1600 et
976 1543 1018 1601 sic
1045 1542 1082 1600 ad
1095 1555 1121 1598 15

64 1636 272 1711 opportunum
306 1636 426 1707 tempus
461 1631 605 1693 observet.
658 1631 733 1690 Nam
769 1633 849 1690 calor
881 1632 1019 1690 zinziberi
1054 1635 1083 1690 et

63 1723 217 1800 frigiditas
228 1723 358 1782 attacoris
370 1721 508 1780 humores
524 1725 714 1798 congregant,
730 1724 761 1780 et
781 1722 861 1780 calor
877 1725 907 1779 et
922 1721 1082 1779 humiditas

65 1811 205 1871 anschari
232 1830 281 1870 eos
308 1811 419 1869 retinet
445 1814 475 1869 et
497 1812 656 1882 humectat,
686 1811 767 1869 calor
789 1829 860 1869 vero
884 1811 913 1868 et
935 1810 1083 1868 fortitudo

66 1901 184 1960 similae
215 1918 264 1959 eos
297 1899 436 1974 continet,
471 1919 507 1958 ne
537 1901 647 1960 iniuste
678 1900 815 1975 effluant,
847 1917 951 1958 succus
984 1904 1082 1958 autem

67 1990 225 2049 citocaciae
259 1989 425 2066 frigiditate
466 2007 520 2047 sua
555 2008 603 2048 eos
643 1989 775 2049 suaviter
811 1992 841 2046 et
884 1992 1082 2064 competenter
1096 1999 1123 2045 20

67 2079 184 2154 educit,
215 2097 283 2137 cum
306 2078 347 2137 sic
370 2082 587 2153 temperantur,
620 2082 656 2136 ut
682 2078 867 2155 praedictum
895 2082 947 2137 est.
993 2078 1083 2136 Zinzi·

68 2169 176 2226 berum
209 2171 309 2226 antem
340 2170 370 2226 et
391 2169 493 2228 zituar
523 2171 553 2226 et
584 2167 760 2226 zuccharum
791 2171 821 2225 et
852 2167 960 2225 similia
993 2167 1084 2226 bonos

67 2257 207 2315 humores
237 2257 268 2315 in
299 2255 417 2314 homine
446 2257 581 2331 retinent,
612 2259 642 2315 et
669 2256 808 2316 citocaoia
831 2256 923 2314 malos
947 2255 1084 2314 humores

70 2347 184 2418 educit3
209 2345 288 2421 quod
311 2346 337 2404 si
360 2344 500 2404 citoeacia
523 2346 631 2421 absque
654 2347 703 2417 eis,
732 2365 808 2422 quae
831 2345 982 2420 praedicta
1005 2348 1082 2418 sunt,

67 2427 186 2494 homini
205 2436 268 2493 sola
290 2435 419 2510 daretur,
443 2439 473 2493 et
494 2435 586 2495 bonos
609 2438 640 2493 et
661 2436 753 2494 malos
775 2434 914 2492 humores
937 2433 1082 2504 educeret,
1096 2433 1131 2487 25'

70 2524 152 2600 quod
187 2523 277 2582 bonos
311 2523 450 2582 humores
485 2525 602 2582 nullum
641 2525 906 2600 temperamentum
941 2522 1084 2580 bonarum

67 2613 229 2671 herbarum
257 2613 406 2675 retineret.
455 2612 490 2671 In
520 2612 678 2688 praedictis
711 2616 810 2670 autem
837 2611 987 2669 mensibus
1014 2611 1084 2670 haec

67 2702 153 2777 potio
176 2702 345 2777 parabitur,
379 2702 460 2778 quod
484 2706 514 2760 et
535 2702 580 2761 sol
607 2706 637 2760 et
665 2722 737 2760 aura
763 2701 833 2760 boni
861 2701 1081 2776 temperament'

68 2795 143 2850 tunc
167 2795 245 2852 sunt.
275 2791 315 2849 Et
331 2792 383 2866 qui
398 2794 471 2849 tunc
486 2792 638 2867 potionem
654 2811 768 2850 sumere
785 2790 922 2861 voluerit,
947 2794 1085 2866 quartam

66 2884 184 2956 partem
206 2880 242 2938 de
270 2881 421 2954 praedicta
448 2899 544 2939 massa
570 2881 688 2940 ieiunus
721 2880 811 2940 bibat.
857 2878 945 2950 Quod
973 2879 998 2938 si
1026 2883 1082 2939 sto·
1096 2890 1123 2934 so

68 2969 191 3028 machus
220 2969 303 3028 illins
339 2971 401 3028 tam
437 2969 523 3029 fortis
558 2973 587 3028 et
619 2971 729 3045 spissus
764 2973 820 3040 est,
860 2969 940 3044 quod
971 2973 1084 3028 tactum

68 3059 202 3135 potionis
224 3059 314 3139 huius
337 3078 395 3118 non
411 3060 508 3134 sentit,
532 3060 643 3117 iterum
665 3059 819 3117 dimidiam
841 3061 957 3133 partem
979 3059 1085 3116 tertiae

67 3149 164 3223 partis
196 3149 322 3223 praefati
353 3149 466 3207 tortelli
499 3149 624 3223 accipiat
656 3153 685 3207 et
714 3148 868 3210 dimidiam
895 3151 989 3205 totam
1017 3166 1085 3205 cum

67 3239 146 3296 lacte
177 3237 334 3296 citocaciae
366 3237 475 3295 illiniat
506 3241 536 3296 εὴ
567 3238 609 3296 sic
640 3238 751 3296 iterum
782 3238 813 3294 in
850 3237 910 3294 sole
942 3236 1085 3294 siccatum

69 3327 190 3385 ieiunus
221 3329 326 3386 sumat.
371 3327 540 3402 Antequam
572 3345 641 3385 vero
677 3327 785 3401 aliquis
816 3325 965 3400 potionem
996 3324 1084 3381 istam
1097 3334 1125 3378 35

68 3415 204 3491 accipiat,
227 3416 265 3474 ad
287 3415 395 3491 ignem,
419 3416 444 3473 si
467 3416 563 3492 frigus
587 3419 640 3487 est,
664 3435 694 3473 se
709 3415 861 3473 calefaciat
876 3415 906 3471 et
920 3414 962 3472 sic
977 3416 1084 3487 sumat,

67 3509 99 3563 et
120 3506 281 3581 postquam
304 3523 368 3563 eam
392 3505 562 3580 sumpserit,
593 3506 624 3562 in
653 3505 727 3563 lecto
755 3502 906 3581 vigilando
934 3502 1093 3558 modicum
