2460 3862
365 114 508 172 CAUSAE
527 108 839 170 truttmunt.
901 115 904 122 ’
1097 117 1117 176 9

97 303 136 360 ut
157 301 253 378 ignita
275 300 374 360 iacula
395 302 428 359 in
443 319 509 360 aare
525 301 634 372 volare,
657 301 713 360 hoc
728 302 779 370 est,
805 298 885 377 quod
900 299 1003 358 stellae
1018 295 1118 371 ignem

96 391 131 450 in
154 410 252 450 aerem
276 409 345 450 eum
368 390 406 449 ad
429 388 658 449 confortandum
680 390 814 464 mittunt,
837 391 875 448 ut
897 389 1004 464 etipse
1020 386 1117 445 calore

97 498 153 539 suo
181 482 293 538 terram
316 479 483 540 fructificet.
528 478 614 539 Unde
641 481 731 539 etiam
754 497 841 556 saepe
869 478 990 538 videtur
1018 478 1049 533 et
1070 493 1115 534 re·

96 570 223 646 peritur,
247 568 329 644 quod
351 588 401 627 aer
427 568 463 627 de
490 569 558 646 igne
587 572 618 630 et
641 570 738 628 calore
761 571 916 629 stellarum
945 586 975 626 se
997 569 1117 640 purgat,

96 660 143 718 ita
164 661 200 718 ut
223 658 259 716 ab
283 677 317 718 eo
340 657 440 718 sordes
462 657 608 734 quaedam
632 659 717 735 quasi
740 657 834 720 faeces
858 657 972 716 cadant.
1035 733 1037 737 Ι
1131 677 1145 721 5

164 748 210 807 Dc
233 749 314 806 aeris
333 747 405 819 filo.
452 746 597 807 Similiter
628 766 697 807 eum
727 752 822 808 aestas
855 750 885 808 et
915 746 1008 805 hiems
1036 760 1116 819 sepa-

95 839 211 908 rantur,
242 837 286 895 ita
317 840 353 896 ut
385 839 479 897 aestas
510 837 628 897 recedat
657 839 688 897 et
714 836 807 897 hiems
835 830 944 907 veniat,
973 834 1019 895 vel
1048 850 1116 891 cum

95 925 189 986 hiems
221 925 340 986 recedat
370 930 401 986 et
431 929 525 986 aestas
555 928 673 1003 veniat,
706 927 853 1005 quaedam
882 922 1051 1001 coagulatio
1079 927 1117 982 ut

96 1016 244 1090 quaedam
267 1014 371 1075 albedo
394 1015 514 1074 filorum
537 1015 568 1074 in
593 1036 659 1076 aere
680 1018 773 1093 volat,
795 1017 849 1076 ubi
871 1032 922 1075 aer
944 1031 974 1072 se
996 1013 1114 1089 purgat.

96 1103 178 1173 Quae
209 1104 241 1163 in
269 1108 380 1164 terram
410 1104 560 1164 descendit
591 1106 627 1166 de
656 1106 808 1166 collisione
837 1107 958 1166 illorum
986 1102 1116 1161 duorum
1129 1121 1157 1166 10

94 1197 267 1269 temporum
291 1193 396 1252 hiemis
419 1196 449 1253 et
471 1195 598 1270 aestatis,
623 1213 691 1254 cum
714 1214 744 1254 se
766 1196 892 1255 invicem
917 1191 1070 1251 collidunt.

165 1283 212 1343 Dc
235 1284 348 1362 caturci.
394 1281 482 1353 Quod
505 1286 606 1342 autem
629 1284 745 1360 eclipsis
773 1284 862 1344 lunae
886 1282 1046 1357 aliquando
1070 1279 1113 1338 vi·

94 1371 193 1448 detur,
218 1372 273 1431 hoc
298 1375 350 1444 est,
374 1372 454 1448 quod
470 1372 614 1432 elementa
638 1377 669 1433 et
690 1376 880 1448 tempestates
905 1369 1062 1446 aliquando
1086 1387 1115 1428 se

95 1460 281 1539 adinvicem
304 1462 466 1534 collidunt,
499 1463 585 1522 velut
615 1463 782 1522 conflictum
814 1464 892 1523 inter
919 1479 949 1520 se
977 1459 1113 1519 habeant.

95 1550 153 1609 Sed
186 1551 259 1610 luna
285 1553 358 1611 tuno
385 1570 438 1610 nec
469 1552 657 1628 extinguitur
683 1571 736 1611 nec
766 1552 877 1624 deficit,
905 1548 955 1612 sed
985 1552 1156 1624 tempos-15

93 1641 171 1699 tates
202 1641 270 1700 illae
304 1660 367 1700 eam
405 1640 443 1699 ad
473 1640 578 1701 horam
611 1644 730 1701 tantum
760 1641 929 1703 obscurant.
983 1637 1041 1697 Sed
1069 1638 1115 1698 vis

93 1729 183 1788 lunae
212 1733 296 1789 tanta
328 1733 381 1802 est,
412 1729 494 1805 quod
527 1733 718 1806 tempestates
745 1731 812 1790 illas
835 1729 958 1807 superat
980 1731 1010 1786 et
1033 1726 1115 1804 quod

90 1819 202 1877 iterum
225 1819 412 1894 splendorem
428 1838 518 1878 suum
535 1820 654 1892 emittit,
679 1821 750 1896 quia
772 1821 817 1881 vis
840 1821 930 1880 lunae
952 1817 1049 1876 maior
1071 1821 1115 1877 est

91 1907 124 1966 vi
145 1911 357 1984 tempestatum
380 1909 511 1971 illarum.

160 1998 207 2056 De
229 1998 519 2071 quinquennalis.
557 1996 654 2058 (deteri
677 2017 798 2074 quoque
821 1998 955 2074 quinque
977 1995 1113 2070 planetae
1127 2011 1155 2056 ro

93 2089 173 2161 sunt,
208 2089 240 2145 et
270 2087 371 2146 iumen
404 2086 439 2146 de
469 2088 537 2164 igne
568 2090 599 2147 et
630 2088 666 2146 de
695 2087 812 2147 aethere
843 2087 954 2147 habent
987 2088 1018 2144 et
1044 2089 1113 2145 sunt

90 2174 185 2235 robur
208 2194 242 2235 ac
263 2175 483 2236 firmamentum
507 2176 694 2238 firmamenti.
724 2177 826 2253 Atque
852 2176 905 2236 has
926 2174 1113 2236 circuitiones

90 2266 154 2322 tam
176 2264 344 2325 altitudinis
372 2285 462 2340 quam
484 2266 697 2341 profunditatis
723 2267 754 2324 in
781 2267 967 2325 firmamento
995 2262 1112 2335 habent,

89 2356 129 2411 ut
150 2352 193 2412 ibi
215 2355 359 2431 fulgeant,
380 2353 434 2412 ubi
449 2355 494 2414 sol
515 2374 574 2415 non
588 2354 686 2414 radiat
707 2359 739 2414 et
752 2356 806 2414 ubi
821 2354 1009 2431 splendorem
1024 2371 1112 2411 suum

89 2442 142 2501 vix
165 2442 301 2503 ostendit.
346 2444 406 2503 Ubi
428 2444 486 2520 ipsi
509 2447 581 2504 sunt
603 2446 633 2504 et
655 2447 780 2503 currunt
803 2447 893 2520 atque
916 2443 1027 2503 circulo
1043 2441 1112 2500 solis
1125 2457 1153 2503 25

89 2531 225 2591 sormunt
256 2536 286 2592 et
315 2533 502 2593 velocitatem
535 2534 604 2593 solis
638 2533 766 2593 retinent
795 2537 886 2608 atque
916 2533 1016 2608 ignem
1048 2530 1111 2589 eius

88 2619 239 2680 tabescere
261 2621 384 2699 faciunt,
414 2622 517 2682 itaut
542 2642 614 2698 prae
635 2623 707 2700 ipsis
734 2624 852 2681 tantum
875 2621 1011 2680 ardorem
1032 2619 1111 2697 ignis

87 2728 149 2769 non
172 2711 297 2783 emittat,
329 2714 365 2770 ut
387 2711 505 2784 faceret,
536 2712 562 2771 si
584 2732 652 2771 eum
674 2731 735 2770 non
757 2712 927 2772 retinerent.
972 2711 1012 2770 Et
1034 2710 1111 2770 sicut

89 2799 223 2875 quinque
245 2817 346 2860 sensus
369 2801 499 2876 corporis
521 2801 649 2860 hominis
680 2819 787 2876 corpus
814 2801 878 2860 eius
907 2801 1059 2861 continent
1081 2802 1112 2858 et

88 2891 263 2948 ornamenta
287 2889 351 2949 eius
367 2893 446 2965 eunt,
469 2891 513 2949 ita
536 2890 624 2949 etiam
639 2890 690 2949 isti
706 2891 837 2967 quinque
858 2891 994 2966 planetae
1017 2891 1110 2950 solem
1124 2903 1151 2947 ao

88 2977 244 3038 continent
268 2981 358 3054 atquo
381 2978 469 3038 decor
490 2979 586 3054 ipsius
608 2984 686 3042 runt.

158 3068 207 3128 De
226 3067 409 3139 firmamenti
433 3067 644 3132 retardatione.
690 3067 747 3128 Sed
777 3072 806 3127 et
833 3068 1054 3127 firmamentum
1079 3069 1110 3126 in

86 3156 245 3217 velocitate
279 3157 543 3229 circumvolvitur,
586 3161 616 3217 et
655 3158 700 3216 sol
738 3176 806 3217 oum
843 3158 946 3218 ceteris
984 3157 1109 3233 planetis

87 3248 194 3305 contra
214 3245 291 3306 illud
314 3249 345 3305 et
367 3247 485 3307 obviam
516 3246 562 3305 illi
584 3247 731 3323 paulatim
759 3248 854 3306 currit
881 3250 970 3323 atque
998 3246 1107 3304 veloci·

86 3337 183 3394 tatem
214 3334 277 3395 eius
309 3336 430 3409 retinet3
463 3336 603 3413 quoniam
630 3337 655 3396 si
678 3336 724 3396 sol
746 3335 823 3395 illud
845 3335 1023 3395 retardando
1047 3353 1107 3392 non
1121 3346 1151 3392 35

86 3424 232 3484 retineret
253 3425 301 3483 vel
323 3426 348 3485 si
370 3426 434 3502 ipse
458 3444 526 3485 oum
553 3426 656 3485 ceteris
683 3425 809 3500 planetis
841 3427 925 3484 tanta
951 3423 1109 3483 velocitate

86 3517 223 3574 curreret
254 3513 373 3574 obviam
394 3515 593 3593 firmamento,
618 3517 733 3595 quanta
753 3513 838 3576 iilud
859 3513 1132 3581 cacuminatur.
