2438 3854
334 127 476 184 elusae
494 129 541 184 ΕΤ
560 128 683 184 CURAE
701 129 768 182 LIB.
788 128 833 182 IV.
1033 132 1096 192 205

148 313 195 372 Dc
217 313 325 374 scabie.
374 307 397 391 ¹)
407 313 515 388 Homo,
547 313 600 389 qni
627 313 745 372 diversa
776 312 878 371 ulcera
909 316 940 370 11
970 311 1097 372 scabiem

73 401 205 477 patitur,
235 402 402 462 cerifolium
430 403 556 479 accipiat
578 407 609 461 et
631 407 678 461 ter
699 402 768 477 plus
788 400 824 460 de
839 401 992 478 polipodio
1009 419 1098 476 quam

75 491 209 550 cerifolii
232 509 266 550 ac
289 493 393 552 enulae
416 491 577 568 quinquies
599 492 677 567 plus,
706 509 797 566 quam
828 491 955 549 cerifolii
986 491 1038 564 111,
1069 492 1098 547 11

74 579 153 639 haec
174 581 207 639 in
230 600 309 657 aqua
337 585 455 658 coquat.
497 581 605 640 Postea
627 600 707 657 aqua
728 580 784 638 hac
815 598 951 655 expressa
984 582 1014 638 11
1044 598 1098 654 per

75 689 212 745 pannum
235 671 331 730 colata
354 690 419 730 eam
443 670 475 728 in
498 670 680 747 sartaginem
702 668 810 728 fundat
833 671 923 744 atque
946 668 1125 727 modicums

75 759 152 818 nori
185 758 283 818 thuris
318 762 348 819 et
380 759 533 835 sulphuris
568 759 660 818 addat
691 761 722 817 et
754 777 861 816 novam
893 761 923 816 et
950 760 1097 817 recentem

79 847 217 907 arvinam
232 849 318 924 porci
339 850 416 924 plus,
432 868 521 924 quam
538 848 667 906 aliorum
683 846 905 923 praedictorum
927 846 976 918 sil,
998 844 1097 921 addat,

77 940 119 995 ut
142 937 184 995 ita
211 938 302 996 simul
324 938 355 996 in
378 938 527 1014 sartagine
559 955 649 1013 super
679 938 780 1013 ignem
802 935 991 1011 aliquantum
1014 936 1098 994 velut

75 1031 269 1103 unguentum
299 1027 488 1102 exspissatur.
532 1026 573 1084 111
609 1045 677 1085 cum
713 1025 769 1085 hoc
806 1027 960 1101 unguento
995 1023 1097 1082 dolens

74 1116 157 1174 circa
179 1115 280 1175 ulcera
307 1120 338 1175 et
364 1135 455 1192 super
481 1116 582 1175 ulcera
609 1134 640 1174 se
667 1115 824 1192 inunguat.
869 1112 927 1171 Sed
955 1115 985 1171 11
1012 1128 1138 1187 prae-10

79 1204 177 1264 dictas
199 1205 305 1264 herbas
328 1209 426 1265 110111
449 1207 480 1263 11
502 1204 611 1263 calidas
639 1223 717 1279 aqua
745 1204 933 1279 aliquantum
960 1220 1097 1276 expressa

76 1293 144 1354 cuti
166 1296 197 1352 11
219 1294 371 1354 ulceribus
394 1296 585 1370 superponat,
609 1293 664 1351 hoc
688 1296 789 1352 autem
811 1311 865 1368 per
885 1292 1018 1368 quinque
1034 1290 1096 1349 dies

75 1383 179 1458 faciat,
209 1387 246 1443 ut
269 1383 346 1444 cutis
370 1386 400 1442 11
422 1402 490 1443 caro
514 1383 579 1441 eius
600 1401 654 1457 per
684 1381 767 1441 istud
797 1381 1033 1454 transfundatur,
1067 1383 1097 1438 11

74 1475 183 1548 postea
205 1472 284 1531 idem
307 1472 409 1532 dolens
432 1472 537 1531 balneo
560 1490 590 1530 se
614 1471 725 1546 abluat,
750 1471 891 1547 quatinus
914 1471 1022 1529 livores
1046 1468 1097 1526 isli

78 1565 110 1619 11
134 1562 232 1621 foetor
255 1561 291 1621 de
314 1562 379 1638 ipso
403 1562 587 1623 auferantur.
633 1560 708 1618 Nam
735 1560 902 1619 cerifolium
930 1571 1137 1633 nequeas-15

77 1651 176 1710 loram
206 1655 238 1710 11
266 1650 365 1727 frigus
395 1650 494 1725 habet,
525 1652 556 1708 11
583 1668 651 1707 cum
678 1649 750 1708 haec
777 1649 873 1709 calore
896 1646 1042 1724 polipodii
1065 1649 1095 1706 et

75 1740 175 1799 calore
197 1740 304 1799 enulae
331 1743 362 1800 11
392 1740 539 1799 suavitate
562 1757 655 1814 aquae
678 1741 709 1797 11
731 1757 800 1797 eum
822 1738 919 1797 calore
941 1736 1095 1813 sulphuris

74 1831 107 1888 et
130 1847 200 1888 cum
222 1829 320 1888 calore
342 1828 440 1888 thuris
464 1831 586 1888 etcum
609 1829 705 1886 calore
728 1827 846 1886 arvinae
869 1830 899 1886 et
914 1846 983 1886 cum
998 1826 1094 1885 alieno

76 1919 148 1995 igne
171 1920 366 1995 temperetur,
389 1936 498 1994 pravos
521 1916 659 1975 humores
681 1917 713 1975 in
735 1916 853 1975 homine
876 1917 971 1994 fugat
1017 1915 1094 1975 Geri-

73 2007 187 2067 folium
209 2009 319 2079 autem,
353 2007 435 2084 quod
458 2007 586 2065 calorem
619 2008 650 2064 11
684 2006 782 2083 frigus
816 2005 913 2077 habet,
948 2004 1095 2064 iniustum
1108 2018 1135 2063 2⁰

75 2097 207 2156 calorem
237 2101 268 2157 11
300 2096 449 2156 iniustum
480 2095 579 2172 frigus
611 2095 746 2154 ulcerum
781 2099 811 2154 11
845 2093 953 2154 1011111
987 2095 1094 2164 aufert,

78 2185 161 2245 calor
184 2189 286 2245 autem
307 2185 455 2263 polipodii
482 2203 590 2261 pravos
613 2184 752 2244 humores
784 2185 918 2258 exsiccat,
951 2186 982 2242 11
1014 2184 1096 2241 calor

80 2275 188 2334 enulae
222 2293 272 2334 eos
306 2275 402 2353 fugat,
436 2275 518 2333 calor
552 2293 673 2349 quoque
707 2273 807 2332 thuris
840 2274 925 2332 sanat
958 2273 989 2329 11
1016 2271 1095 2329 calor

73 2362 231 2439 sulphuris
263 2383 311 2423 eos
345 2367 493 2435 attenuat,
524 2362 605 2421 calor
639 2365 739 2421 autem
774 2361 893 2421 arvinae
925 2358 1026 2418 ulcera
1065 2362 1096 2417 11

73 2452 205 2512 scabiem
226 2453 334 2512 leniter
355 2456 447 2524 sanat,
470 2471 539 2512 cum
561 2470 660 2510 recens
684 2454 736 2510 111.
1108 2460 1136 2506 25

145 2542 353 2604 111111111οἰ1
391 2542 451 2613 oui
471 2541 648 2617 paleamne
669 2539 767 2610 habet,
790 2538 947 2598 verbenam
970 2536 1096 2611 accipiat

76 2634 110 2690 et
132 2631 178 2690 bis
200 2633 319 2691 tantum
335 2631 372 2690 de
388 2631 538 2707 cephania,
562 2633 598 2688 ut
613 2631 757 2689 verbenae
772 2631 825 2703 est,
848 2630 878 2686 et
900 2625 1034 2684 nimmoli
1049 2628 1096 2684 ter

73 2722 197 2779 tantum
219 2723 255 2779 ut
276 2720 429 2796 verbenae,
451 2719 500 2780 vel
522 2719 548 2779 11
571 2719 743 2795 cephaniam
764 2735 823 2775 non
845 2715 992 2791 habuerit,
1020 2715 1095 2773 sari·

72 2809 183 2868 fricam
206 2809 311 2870 eodem
333 2810 472 2886 pondere,
495 2813 532 2868 ut
546 2808 690 2868 verbenae
713 2810 766 2879 111,
789 2805 915 2880 accipiat
937 2807 968 2864 et
990 2804 1095 2863 herbas

76 2899 152 2958 istas
186 2898 218 2957 in
256 2899 406 2975 optimum
440 2899 543 2959 vinum
581 2901 675 2974 ponat
712 2897 743 2955 iu
780 2895 901 2955 vasculo
943 2894 1095 2953 recondito
1110 2906 1137 2951 ao

74 2988 217 3064 superius
248 2988 368 3048 fortiter
395 2991 546 3064 cooperto.
591 2987 630 3046 Et
662 2987 766 3047 vinum
797 2983 879 3044 istud
905 3002 960 3060 per
991 3002 1096 3043 novem

74 3076 140 3136 dies
163 3077 281 3137 ieiunus
304 3077 400 3150 bibat,
433 3077 484 3137 sed
511 3095 637 3153 pransus
665 3074 781 3135 modice
809 3073 1005 3150 bibebatque
1028 3091 1096 3132 cum

73 3166 180 3226 eodem
210 3167 279 3226 vino
312 3171 342 3226 11
371 3186 427 3227 ovo
459 3185 492 3226 ao
524 3166 666 3243 sagimine
695 3168 781 3242 paret
813 3167 843 3223 et
870 3162 1012 3223 comedat.
1056 3161 1096 3219 Et

73 3275 145 3315 cum
168 3255 332 3315 dormitum
348 3257 438 3332 vadit,
461 3255 542 3314 idem
564 3255 669 3314 vinum
690 3255 786 3330 ignito
802 3251 896 3312 calibe
919 3251 1096 3311 calefactum

73 3344 161 3404 bibat
193 3349 223 3404 11
254 3363 284 3405 11
317 3345 411 3405 calido
444 3345 620 3405 vestimento
643 3347 733 3421 tegat,
765 3337 819 3424 [et]
844 3344 880 3400 ut
907 3338 1005 3410 sudet;
1039 3337 1096 3397 hoc
1109 3351 1136 3396 11

74 3478 291 3488 ———

137 3531 159 3599 ¹)
179 3551 203 3586 ν.
225 3534 317 3589 1-15
337 3563 371 3582 =
392 3537 496 3612 Migne
518 3540 594 3600 1160
613 3539 650 3598 c.
