2460 3862
352 151 493 208 clusas
512 150 559 206 ΕΤ
578 151 701 206 OURAE
719 151 787 206 LIB.
805 152 828 208 Ι.
1061 155 1100 215 31

82 338 234 398 fructibus
256 356 414 413 pomorum
431 337 596 413 proferunt,
621 354 697 412 0000
711 337 824 396 bonum
835 354 970 411 saporem
985 335 1103 398 habent.

83 427 145 486 Sed
156 427 264 486 durare
281 426 334 485 diu
349 446 407 487 non
422 430 556 502 possunt.
580 426 775 485 Frumentum
787 428 886 484 autem
897 425 940 485 ibi
952 424 1102 484 minutum

82 520 131 576 est
154 518 185 576 01
207 516 245 575 01
267 515 433 592 profestum
455 534 514 574 non
541 514 614 574 bene
636 516 745 590 tendit,
776 514 857 590 quod
878 516 959 573 terra
982 511 1027 574 ibi
1050 515 1101 572 ali·

81 609 232 682 quantum
258 605 381 664 humida
403 606 460 677 est3
486 603 567 681 quod
587 609 674 680 terra,
699 623 775 681 quaa
790 602 1023 662 habundantiam
1039 605 1101 662 fru-

82 695 178 754 menti
191 695 297 772 gignit,
314 695 502 779 aliquantum
514 693 597 751 arida
609 712 669 753 esse
685 694 781 768 debet,
798 693 878 768 0001
891 712 1033 769 magnum
1048 693 1100 752 fri-
1114 711 1129 756 5

84 803 144 862 gns
159 784 345 843 frumentum
359 784 428 859 plus
443 783 535 842 laedit
551 802 640 858 quam
653 783 742 858 00100,
760 781 900 859 quoniam
918 782 1102 841 frumentum

86 873 273 948 aliquantum
290 873 401 932 siacum
417 874 469 932 est.
499 871 610 931 Vineae
626 876 726 931 autem
742 872 784 931 ibi
799 871 831 930 10
847 871 958 930 0010010
974 870 1011 929 01
1026 872 1101 931 mul·

82 965 151 1021 tum
163 962 332 1037 profectum
343 963 405 1022 vini
417 961 577 1038 proficiunt
591 964 681 1038 atqua
692 962 778 1022 valde
793 961 905 1021 bonum
917 959 1019 1020 vinum
1035 979 1102 1036 pro·

83 1054 197 1113 ferunt.
233 1051 350 1110 Herbae
373 1055 473 1110 autern
496 1043 652 1111 hortorum
676 1054 706 1110 et
729 1050 804 1109 aliae
827 1048 942 1124 herbae,
972 1069 1047 1125 quae
1070 1049 1101 1108 10

83 1141 186 1201 eadem
211 1140 347 1200 orientali
369 1141 458 1216 plaga
473 1140 509 1198 de
530 1140 614 1215 aquis
638 1143 668 1199 et
689 1141 774 1199 iuxta
796 1157 888 1215 aquas
911 1139 1048 1215 rigantur
1071 1140 1100 1198 et
1115 1157 1142 1201 10

82 1232 227 1300 00000001,
252 1248 330 1310 0000
354 1229 390 1288 ab
407 1229 520 1288 oriente
542 1229 650 1300 fluunt,
674 1230 827 1290 virtuosae
842 1232 912 1288 sunt
936 1232 966 1287 01
987 1227 1099 1287 bonum

81 1319 204 1379 odorem
226 1318 336 1378 habent
358 1321 388 1378 01
411 1318 448 1377 01
470 1319 645 1378 medicinam
668 1319 767 1379 valent
790 1337 823 1376 ae
847 1319 940 1377 bonae
969 1320 1039 1376 sunt
1062 1318 1099 1376 ad

81 1408 177 1480 oibos3
201 1410 231 1466 01
244 1426 359 1468 000000
373 1427 441 1467 raro
456 1408 488 1466 in
503 1407 544 1467 eis
559 1411 695 1467 00000001
718 1411 748 1467 01
771 1426 838 1467 0000
862 1425 909 1467 eas
933 1406 1098 1478 comedunt,

82 1497 166 1574 quod
181 1496 216 1557 de
233 1498 328 1557 001000
344 1500 374 1557 01
390 1498 502 1574 frigore
513 1497 586 1556 bene
597 1500 778 1573 temperatae
794 1503 871 1572 sunt,
889 1496 970 1572 quod
986 1514 1098 1555 vermes

82 1587 215 1664 fugiunt,
239 1587 378 1662 quoniam
400 1587 458 1663 ipsi
480 1586 592 1646 foetida
614 1586 776 1645 humiditas
799 1589 876 1661 sunt,
900 1588 936 1644 ut
959 1604 1046 1644 eruoa
1070 1589 1099 1644 et
1114 1603 1142 1648 15

84 1676 205 1750 similas,
229 1676 281 1751 qui
296 1676 332 1735 de
348 1695 454 1751 spuma
470 1676 545 1735 aeris
561 1682 703 1738 00000001.
738 1675 796 1735 Sed
819 1681 849 1735 et
872 1675 1000 1750 arbores,
1024 1693 1101 1750 qnae

82 1767 116 1824 in
131 1764 409 1842 oooidentallplaga
424 1768 494 1824 sunt
511 1769 541 1824 01
558 1766 593 1824 10
608 1765 840 1825 occidentalibus
855 1765 940 1839 aquis
955 1764 1100 1840 rigantur,

83 1855 159 1914 bene
182 1858 330 1926 creseunt3
352 1855 403 1914 sed
422 1855 540 1914 fruetus
561 1854 745 1915 diversorum
759 1873 926 1930 pomorum,
950 1854 1002 1928 qui
1017 1854 1101 1911 iuxta

83 1949 196 2003 terram
218 1943 322 2003 0000011
344 1948 374 2003 01
390 1944 426 2003 ab
441 1943 621 2003 humiditate
635 1948 732 2003 terrae
747 1943 890 2021 tangitur,
914 1943 1101 2018 aliquantum

82 2033 207 2092 0001000
230 2035 287 2105 001,
315 2033 366 2092 illa
388 2034 489 2092 autem
512 2034 641 2107 fruetus,
671 2033 778 2108 quiin
801 2034 861 2092 alto
884 2032 1024 2091 arborum
1047 2034 1142 2106 001,οο

82 2122 130 2180 110
152 2122 273 2181 0001000
295 2141 353 2182 000
376 2126 432 2193 est,
464 2122 544 2198 quod
572 2123 730 2182 altitudine
759 2122 833 2182 aeris
860 2125 958 2181 100100
981 2125 1038 2196 001,
1071 2125 1101 2180 01

83 2211 197 2270 bonurn
219 2215 340 2288 gustum
361 2211 450 2271 habet
472 2215 502 2271 et
522 2212 650 2271 saturari
671 2212 801 2271 multum
822 2231 881 2271 non
906 2212 989 2270 obest
1012 2213 1101 2286 atque

84 2300 138 2359 diu
163 2300 271 2359 durare
294 2303 402 2376 potest.
446 2301 644 2360 Frumentum
666 2320 737 2361 vero
760 2301 791 2360 10
815 2300 989 2360 occidentali
1013 2299 1101 2375 plaga

81 2390 164 2448 forte
179 2392 232 2467 001,
256 2389 306 2449 001
328 2390 440 2467 pingue
462 2410 523 2450 non
546 2394 599 2466 001,
622 2393 652 2450 01
674 2392 777 2450 vinum
792 2390 870 2448 forte
886 2392 937 2464 est,
960 2388 1011 2447 sed
1027 2387 1098 2445 deli·

81 2479 197 2539 oiosnm
220 2497 279 2537 non
302 2482 354 2555 001,
383 2483 414 2538 01
436 2478 544 2539 durare
567 2481 677 2555 potest,
701 2479 782 2555 quod
805 2483 886 2538 tarra
907 2476 951 2536 ibi
974 2477 1100 2536 calorem
1113 2484 1141 2530 25

81 2572 114 2628 et
142 2567 239 2645 frigus
267 2566 364 2631 habet.
409 2568 526 2629 Herbae
553 2587 623 2629 0000
647 2571 709 2627 tam
731 2568 888 2628 hortorum
912 2586 1001 2643 quam
1025 2584 1100 2624 oam-

79 2676 203 2734 porum,
232 2677 307 2733 qnae
329 2658 361 2716 in
384 2657 485 2718 eadem
508 2658 683 2718 oooidentali
705 2660 789 2732 00010
813 2656 849 2715 10
871 2653 1101 2716 occidentalibus

80 2747 169 2823 aquis
190 2749 367 2824 tangvmtur.
380 2751 410 2807 et
438 2748 615 2824 irrigantur,
646 2751 751 2806 000100
782 2746 820 2804 01
846 2745 1001 2804 libidinem
1029 2749 1101 2804 sunt

80 2841 112 2896 et
136 2855 252 2895 omnem
275 2837 435 2912 0000011000
458 2838 562 2910 earnis,
591 2836 705 2896 seilicet
726 2835 900 2911 voluptatis,
930 2834 1100 2894 iracundiae

79 2928 112 2986 et
133 2925 337 2985 instabilitatis
364 2945 482 2986 morum
510 2932 539 2985 et
566 2926 737 3002 frequentas
767 2925 934 3002 vagationis
963 2925 1100 2999 excitant,
1113 2929 1141 2976 30

78 3016 124 3074 ita
152 3015 233 3090 0001
259 3014 404 3087 homines,
435 3015 488 3091 001
518 3034 567 3076 000
602 3014 799 3092 gustaverint,
831 3014 983 3072 interdum
1014 3013 1096 3087 laeti,

78 3104 234 3164 interdum
263 3105 365 3164 tristes
395 3106 424 3163 et
455 3104 606 3164 interdum
637 3105 752 3164 velooes
786 3107 865 3162 0001.
918 3103 958 3162 Et
992 3120 1097 3161 000000

78 3192 245 3254 earnndum
267 3192 427 3253 herbarum
450 3196 480 3252 et
501 3193 583 3269 ipsae
605 3193 715 3252 herbae
734 3193 915 3251 incremento
935 3190 1100 3267 procedunt

78 3287 110 3343 et
132 3282 305 3360 proficiunt,
339 3282 418 3359 0001
447 3283 543 3342 calens
572 3283 652 3342 00100
675 3284 705 3341 01
727 3282 833 3341 001000
855 3281 952 3357 frigus
974 3279 1017 3337 ibi
1041 3278 1099 3338 oito

78 3392 139 3433 non
169 3372 280 3445 defioit;
311 3376 341 3432 at
363 3372 429 3431 ideo
452 3373 544 3430 fortes
567 3372 598 3430 in
620 3371 773 3431 viriditate
795 3373 877 3442 sunt,
905 3369 956 3428 sad
978 3367 1098 3427 0001000
1112 3375 1140 3421 35

80 3463 120 3521 01
152 3461 315 3539 praefatam
348 3462 552 3521 inutilitatem.
599 3459 657 3520 Sed
679 3463 710 3520 et
733 3459 814 3533 (adt
837 3459 991 3536 maginarii
1008 3459 1112 3514 antara

81 3555 112 3611 et
134 3551 171 3610 ad
194 3555 289 3610 oetera
310 3551 489 3612 fantasmata
512 3552 625 3635 valent,
650 3553 705 3616 sed
727 3573 794 3616 non
815 3551 956 3613 multam
965 3544 1138 3607 sanitatem
