2460 3862
43 214 46 218 μ
128 143 189 202 142
515 137 762 194 mconoxaors

128 322 169 380 sic
193 321 283 379 etiam
304 320 408 380 vinum
424 321 535 397 absque
550 321 729 380 admixtione
745 340 839 397 aquae
854 321 984 381 bibitum
998 323 1144 382 hominem

127 413 223 469 torret
246 413 276 468 et
298 409 390 468 laedit
412 429 446 469 ac
470 412 496 468 ei
519 412 676 469 sanitatem
700 411 829 486 corporis
857 412 969 470 minuit
995 416 1027 471 et
1054 412 1142 471 delec-

126 500 269 558 tationem
293 499 388 557 carnis
410 499 507 558 infert.
553 500 592 558 nt
615 500 710 558 omnis
733 499 815 558 cibus
844 502 873 558 et
904 503 995 575 potus
1027 501 1144 560 honeste
1186 540 1188 545 .

127 592 157 646 et
179 591 340 663 temperate
363 591 394 646 εὴ
416 588 566 648 moderate
581 592 725 663 sumatur,
749 607 785 646 ne
801 588 889 648 homo
906 589 1030 649 diversis
1045 589 1143 650 humo
1186 618 1188 635 ι

99 677 219 752 aribus,
254 678 306 753 qui
329 678 360 734 in
383 678 442 736 illis
464 681 541 749 sunt,
574 677 748 737 debilitetur
780 680 810 736 et
841 698 878 736 ne
901 681 1009 737 natira
1032 681 1095 738 eius
1116 681 1143 737 in
1186 672 1188 679 ’

127 767 334 825 contrarietate
351 768 553 825 delectationis
568 768 689 826 modum
706 785 794 825 suum
811 768 940 843 excedat,
957 769 1048 843 quod,
1072 769 1144 828 sicut

125 859 205 915 terra
228 856 264 914 ad
287 856 470 914 fertilitatem
493 856 650 915 fructuum
677 857 814 930 laeditur,
849 856 873 914 si
908 875 971 914 eam
1007 859 1054 916 sol
1087 857 1143 916 sine

126 945 269 1019 temperie
293 946 367 1004 aeris
391 949 421 1004 et
442 945 517 1003 roris
539 946 732 1004 immoderate
747 945 871 1021 perurit,
894 945 938 1004 ita
953 945 1044 1004 etiam
1060 946 1142 1005 homo

127 1034 161 1091 ad
195 1035 349 1092 sanitatem
374 1035 505 1109 corporis
528 1035 658 1093 laeditur
687 1038 718 1093 et
745 1035 782 1092 ad
805 1034 1031 1093 delectationem
1054 1035 1142 1094 carnis

86 1133 113 1177 10
127 1124 279 1198 excitatur,
303 1124 327 1181 si
352 1124 487 1181 ardorem
511 1122 644 1182 ciborum
666 1125 695 1181 et
714 1127 842 1197 potuum
861 1124 1058 1183 immoderate
1072 1126 1103 1183 in
1116 1143 1143 1182 se

124 1213 258 1272 traxerit.
307 1213 346 1269 Et
369 1213 393 1270 si
416 1231 504 1271 sanus
527 1216 570 1272 est
592 1231 722 1287 corpore,
745 1213 776 1270 in
800 1212 864 1271 cibo
888 1216 919 1271 et
940 1216 1018 1288 potu
1042 1233 1073 1272 se
1095 1212 1140 1272 ob·

127 1305 232 1376 servet,
256 1303 291 1359 ut
312 1301 494 1376 praedictum
519 1304 571 1371 est,
605 1302 746 1376 quatinus
781 1320 869 1360 sanus
899 1306 1084 1376 permaneat3
1119 1302 1141 1361 si

127 1394 225 1449 autem
238 1389 342 1448 debilis
354 1394 405 1465 est,
420 1409 472 1449 esu
489 1392 620 1449 carnium
637 1391 787 1448 moderate
799 1398 829 1449 et
846 1391 970 1450 discrete
988 1395 1143 1467 recreetur,

125 1480 174 1538 sed
197 1482 295 1537 tamen
318 1480 434 1537 nullum
457 1480 561 1539 vinum
583 1480 674 1554 bibat,
697 1480 754 1538 nisi
777 1499 854 1555 aqua
875 1481 1069 1555 permixtum.

86 1578 113 1622 15
194 1569 238 1626 De
262 1568 445 1642 capitatione.
491 1568 548 1627 Sed
581 1569 733 1643 praefatus
765 1570 869 1627 ardens
892 1574 1008 1644 ventus,
1033 1570 1089 1650 qui
1111 1567 1144 1627 ad

126 1656 350 1716 delectationem
373 1659 468 1716 carnis
493 1677 526 1715 ex
542 1658 671 1717 medulla
690 1658 817 1716 hominis
832 1658 940 1734 surgit,
965 1678 1056 1718 vanas
1071 1658 1144 1736 cogi·

126 1748 252 1805 tationes
275 1747 363 1805 etiam
386 1747 538 1805 interdum
564 1748 690 1807 advocat
721 1750 751 1804 et
780 1747 927 1823 producit,
960 1767 1030 1806 cum
1061 1748 1144 1808 homo

128 1835 247 1910 cogitat,
271 1836 344 1910 quid
366 1835 405 1894 sit
428 1838 457 1893 et
479 1836 557 1894 unde
580 1836 620 1895 sit
642 1840 672 1894 et
695 1836 762 1911 quis
786 1839 893 1912 gustus
915 1836 967 1894 ille
983 1838 1032 1908 sit,
1057 1856 1143 1913 quem

126 1923 157 1980 in
179 1925 409 2000 transgressione
431 1925 581 2001 praecepti
606 1925 653 1983 dei
675 1944 728 1999 per
749 1943 872 1999 pomum
887 1925 944 1984 sibi
959 1925 1059 1984 Adam
1082 1945 1143 1985 con·

86 2012 225 2077 retraxit.
250 2017 303 2071 aut
327 2032 392 2071 cum
422 2014 535 2088 aliquid
563 2014 643 2073 videt
670 2016 723 2071 aut
753 2015 845 2085 audit,
877 2014 955 2072 unde
988 2015 1143 2074 delectatio

127 2102 154 2160 ei
177 2103 314 2160 occurrit.
352 2103 434 2160 Tunc
458 2103 546 2161 etiam
567 2123 620 2177 per
636 2102 811 2161 diabolicam
827 2103 1051 2180 suggestionem
1067 2104 1143 2181 cogi·

126 2191 253 2249 tationes
268 2192 341 2249 istae
357 2193 441 2266 quasi
453 2196 561 2250 nutum
572 2192 706 2250 faciendo
723 2192 779 2250 sibi
794 2211 828 2251 ex
844 2192 974 2250 medulla
990 2193 1145 2252 attrahunt

126 2281 312 2356 praedictum
343 2281 495 2339 ardentem
524 2284 647 2340 ventum
681 2281 897 2358 delectationis,
926 2282 979 2340 ita¹
992 2283 1075 2358 quod
1097 2282 1145 2340 ille

127 2370 225 2446 surgit
248 2373 278 2428 et
300 2373 404 2444 pectus
423 2371 529 2428 transit
550 2389 583 2429 ac
604 2370 758 2428 cerebrum
779 2371 877 2446 tangit
898 2374 990 2446 atque
1012 2371 1096 2431 iecur
1117 2373 1145 2430 et

87 2466 114 2511 25
128 2477 179 2517 cor
201 2459 351 2535 transfigit
375 2463 405 2517 et
427 2460 458 2516 in
482 2460 623 2535 genitalia
646 2460 778 2518 membra
801 2460 888 2535 eadit,
910 2463 946 2517 ut
962 2460 1145 2534 praedictum

126 2552 178 2607 est.
218 2549 257 2606 Et
278 2548 319 2606 sic
347 2548 407 2606 illis
431 2549 584 2625 contingit,
610 2548 663 2624 qui
680 2549 904 2607 delectationem
920 2567 1005 2608 suam
1022 2550 1146 2625 cupiunt

128 2655 215 2712 opere
242 2638 365 2712 explere.
1133 2656 1137 2661 ·

193 2726 240 2786 De
255 2731 402 2784 nocturna
418 2728 614 2798 oppressione.
652 2726 828 2785 Multotiens
851 2730 952 2786 autem
976 2745 1045 2786 cum
1060 2727 1145 2787 homo

129 2813 244 2889 dormit,
269 2816 396 2891 sanguis,
413 2816 466 2891 qui
480 2816 512 2873 in
528 2835 562 2874 eo
579 2819 631 2890 est,
648 2815 683 2873 de
700 2816 768 2892 igne
784 2815 931 2874 medullae
946 2816 1010 2875 eius
1026 2816 1143 2876 fortiter

85 2912 113 2956 30
127 2897 222 2976 ardet,
254 2907 283 2962 et
304 2905 346 2961 sic
373 2905 408 2962 de
436 2905 534 2963 calore
557 2904 707 2980 sanguinis
730 2924 815 2980 aqua,
843 2923 921 2980 quae
947 2905 1144 2983 insanguine

128 2993 179 3064 est,
204 2992 374 3052 exsiccatur.
420 2993 459 3052 Et
481 2996 552 3052 tunc
576 2995 664 3052 etiam
689 2992 834 3053 diabolica
857 3012 917 3068 ars,
948 3013 1026 3070 quae
1050 2994 1145 3054 estin

125 3081 223 3156 prima
245 3082 432 3157 suggestione
462 3083 575 3156 primae
604 3083 832 3160 coagulationis,
867 3101 935 3141 cum
965 3083 1054 3144 homo
1078 3101 1145 3143 con·

126 3170 244 3244 cipitur,
283 3189 313 3228 se
345 3171 504 3246 aliquando
539 3173 729 3246 permissione
764 3173 810 3231 dei
845 3191 964 3232 sursum
996 3173 1087 3250 erigit
1117 3174 1146 3230 et

125 3262 329 3335 tempestatem
362 3261 439 3319 circa
472 3260 621 3319 hominem
653 3262 726 3320 facit
752 3279 893 3336 pavorem
925 3262 951 3319 ei
979 3262 1010 3320 in
1038 3261 1145 3322 somnis

83 3356 112 3402 35
125 3349 310 3422 incutiendo,
339 3368 370 3407 se
393 3349 532 3408 videlicet
555 3371 608 3425 per
631 3351 852 3425 oppressionem
878 3350 1020 3409 fantasiae
1047 3354 1145 3411 osten·

126 3437 220 3497 dendo
243 3439 327 3497 velut
349 3438 391 3497 ibi
414 3438 464 3510 sit3
490 3442 520 3497 et
534 3443 632 3498 tamen
647 3440 689 3499 ibi
705 3459 763 3498 non
780 3443 831 3514 est,
856 3440 975 3515 quiesi
997 3440 1042 3500 ibi
1064 3442 1145 3510 esset,

121 3525 214 3586 homo
238 3527 344 3585 durare
367 3545 426 3586 non
449 3532 560 3604 posset3
583 3529 662 3588 siout
681 3530 769 3587 etiam
784 3530 919 3588 tonitrua
933 3529 1056 3606 faciunt,
1079 3546 1146 3589 oum
