2460 3862
353 125 498 182 clusas
516 126 563 182 ΕΤ
581 125 703 182 ΟΠΒΑΕ
721 126 789 182 LIB.
809 127 843 181 Π.
1065 133 1106 193 39

86 314 196 389 flegma
218 310 354 387 tepidum
378 314 430 383 est,
452 331 511 371 non
527 311 668 387 deprimit
689 312 751 372 vim
766 313 965 388 melancoliae,
989 315 1025 371 ut
1047 312 1108 371 alia

89 403 149 462 duo
172 401 324 477 praedicta
346 401 495 478 flegmata;
519 420 647 476 quorum
671 401 799 460 alterum
820 402 853 461 in
875 401 1053 460 humiditate
1078 405 1108 462 at

88 492 217 550 alterum
240 491 273 549 in
296 490 486 566 spissitudine
509 494 540 550 et
561 491 760 550 amaritudine
783 509 837 550 sua
853 494 966 551 tantam
982 491 1107 550 fortitu·

86 581 186 640 dinem
209 580 327 655 habent,
351 579 432 655 qnod
446 579 517 639 huic
538 580 728 640 melancoliae
751 580 794 639 ita
816 581 966 656 resistunt,
989 581 1107 640 111001-

87 670 191 728 darins
212 687 301 744 super
324 668 424 746 ignem
451 668 578 744 pendens
605 669 704 746 ignem
728 669 875 746 deprimit,
898 688 935 729 ne
958 674 1134 747 exsurgats

85 758 229 818 Homines
257 777 328 817 vero
355 758 446 817 huius
473 758 683 834 complexionis
711 757 881 834 frequenter
909 759 941 817 in
970 759 1015 818 ira
1038 763 1108 819 sunt

86 851 117 907 et
152 847 292 907 timorem
325 847 357 905 in
390 847 487 906 multa
515 847 647 907 utilitate
677 848 715 907 ad
743 848 832 906 deum
860 850 891 906 01
913 847 951 906 ad
973 848 1107 908 homines

84 936 203 998 habent.
251 937 290 995 Et
312 936 434 1012 quidam
457 956 492 995 ex
515 936 556 996 ais
579 937 802 1014 aliquantulum
824 937 877 996 diu
898 937 1013 1012 vivunt,
1037 956 1107 1014 quo·

84 1027 164 1085 niam
194 1026 240 1086 vis
273 1025 419 1101 praedicti
450 1020 596 1102 'flegmatis
629 1045 731 1085 eorum
761 1027 830 1086 talis
859 1030 915 1101 est,
946 1027 1027 1101 quod
1054 1044 1107 1085 nec

86 1115 208 1175 omnino
231 1114 340 1174 occidit
361 1133 415 1174 neo
437 1115 556 1175 omnino
572 1115 704 1175 vivificat
718 1116 876 1192 hominem,
900 1119 936 1175 ut
958 1116 990 1175 in
1005 1115 1106 1191 aliquo
1121 1127 1150 1172 10

87 1205 269 1264 incarcerato
301 1205 419 1263 homine
451 1205 566 1263 evenire
596 1204 680 1282 solet,
714 1205 768 1280 qui
799 1223 852 1264 nec
880 1205 1026 1264 occiditur
1053 1223 1106 1264 nec

85 1294 167 1353 abire
189 1293 385 1369 permittitur.
430 1292 598 1369 sichomo,
621 1296 657 1352 ut
680 1294 866 1369 praedictum
889 1297 946 1365 est,
976 1313 1011 1353 ax
1034 1313 1105 1370 qua·

85 1385 156 1442 tuor
179 1382 355 1442 humoribus
376 1383 467 1459 viget,
495 1386 531 1442 ut
553 1384 643 1442 etiam
672 1383 800 1442 mundus
828 1402 863 1442 ex
891 1387 1021 1458 quatuor
1048 1384 1105 1442 ala·

85 1472 193 1550 mentis
215 1474 338 1533 constat.

152 1563 202 1621 Dc
232 1563 440 1621 elementorum
474 1563 689 1621 commistione.
743 1559 818 1619 Nam
852 1561 925 1619 deus
960 1562 1146 1621 mundum15

86 1654 216 1725 quatuor
245 1650 397 1710 elementis
433 1650 601 1727 colligavit,
640 1650 684 1708 ita
718 1651 798 1725 quod
832 1651 951 1709 nullum
979 1649 1015 1708 ab
1046 1651 1103 1709 alio

84 1740 216 1816 separari
238 1742 351 1814 potest,
383 1740 524 1817 quoniam
554 1739 683 1799 mundus
711 1739 870 1799 subsistere
903 1740 1047 1816 nequiret,
1079 1739 1105 1799 si

84 1829 168 1887 aliud
202 1828 239 1887 ab
271 1828 330 1888 alio
360 1828 490 1906 separari
519 1829 640 1887 valeret.
686 1827 743 1887 Sed
774 1829 1021 1889 indissolubiliter
1048 1829 1105 1888 sibi

86 1920 275 1977 concatenata
303 1921 381 1982 sunt.
431 1918 513 1994 Ignis
543 1919 622 1976 enim
655 1919 778 1993 superat
809 1937 843 1976 ac
871 1918 973 1977 domat
1001 1921 1030 1977 et
1060 1919 1104 1976 in·

84 2005 184 2066 cendit
212 2025 309 2065 aerem
336 2011 367 2066 01
388 2007 497 2066 fortior
525 2007 579 2067 illo
603 2010 662 2080 est3
690 2026 740 2065 aer
767 2025 838 2065 vero
862 2007 1016 2082 proximus
1040 2007 1104 2084 igni
1121 2018 1149 2063 20

83 2099 120 2154 ut
142 2095 218 2155 fullo
247 2096 319 2155 facit
351 2115 419 2155 aum
450 2097 577 2172 flagrare
609 2099 640 2155 01
669 2099 816 2171 temperat
843 2116 928 2168 eum,
965 2097 1106 2173 quoniam

83 2185 163 2262 ignis
194 2186 279 2262 quasi
311 2204 419 2261 eorpus
447 2186 523 2244 aeris
550 2188 596 2245 est
624 2189 713 2262 atque
742 2205 791 2244 aar
819 2187 903 2262 quasi
936 2186 1048 2245 viscera
1077 2189 1107 2244 et

84 2274 170 2332 velut
191 2275 254 2333 alae
277 2277 308 2333 01
329 2293 441 2350 pennae
464 2275 551 2350 ignis.
597 2275 636 2333 Et
657 2277 694 2333 ut
716 2293 823 2350 corpus
846 2293 906 2333 non
929 2279 973 2334 est
995 2273 1106 2349 absque

83 2362 255 2436 visceribus,
279 2364 321 2423 sio
343 2382 396 2423 nec
418 2363 496 2439 ignis
520 2364 582 2423 sine
605 2383 684 2439 aera,
708 2365 850 2440 quoniam
873 2383 923 2422 aer
946 2363 1106 2422 commotio

84 2453 164 2530 ignis
198 2455 255 2525 est3
289 2453 360 2528 quia
393 2453 472 2529 ignis
506 2472 565 2512 non
599 2453 718 2512 arderet
746 2472 799 2513 nec
831 2453 1045 2522 incenderetur,
1080 2451 1105 2509 si
1119 2463 1147 2508 25

84 2560 183 2600 aerem
217 2560 276 2600 non
310 2541 439 2603 haberet.
489 2540 571 2618 Ignis
605 2561 726 2618 quoque
760 2544 805 2601 est
839 2541 928 2600 ardor
962 2544 993 2599 et
1027 2540 1107 2600 calor

84 2650 181 2707 aquae
204 2634 234 2690 et
256 2630 329 2691 facit
351 2650 416 2690 eam
439 2632 538 2703 fluere,
562 2632 703 2707 quoniam
724 2650 802 2706 aqua
824 2649 882 2689 non
898 2632 974 2689 esset
988 2629 1107 2706 liquida

83 2740 138 2780 neo
166 2721 285 2796 flueret,
321 2721 372 2780 sed
400 2720 507 2779 fortior
535 2723 565 2779 et
587 2720 822 2780 indissolubilior
851 2719 930 2778 ferro
961 2723 991 2779 01
1014 2719 1107 2779 calibe

83 2811 173 2886 foret,
207 2810 233 2869 si
264 2810 390 2869 calorem
419 2809 497 2886 ignis
527 2809 559 2867 in
586 2827 617 2868 se
644 2811 786 2868 latentem
812 2827 872 2867 non
901 2808 1036 2882 haberet3
1071 2813 1108 2869 ut

83 2900 176 2958 etiam
199 2899 230 2957 in
253 2899 348 2976 glacie
374 2899 474 2958 notari
501 2901 606 2974 potest.
652 2898 710 2956 Sed
737 2917 815 2974 aqua
837 2899 882 2957 est
908 2898 1004 2976 frigus
1028 2899 1106 2976 ignis
1120 2909 1148 2954 30

84 2991 118 3047 01
139 2988 249 3047 fortior
271 2988 349 3064 igne,
373 3007 441 3047 cum
463 2988 564 3064 ignem
581 2988 737 3065 extinguit.
783 2987 872 3063 Aqua
896 2988 976 3050 enim
998 2988 1109 3065 frigida

86 3079 152 3136 erat
175 3081 206 3136 et
227 3097 287 3137 non
309 3078 422 3136 fluebat
443 3079 474 3135 in
501 3076 587 3136 initio
611 3079 824 3152 creaturarum,
853 3096 920 3136 oum
944 3080 1023 3136 terra
1045 3080 1109 3135 eret

85 3166 183 3226 inanis
206 3169 236 3225 et
258 3184 360 3239 vacua,
385 3166 436 3226 sed
459 3167 581 3241 spiritus
606 3167 716 3226 domini
737 3166 889 3225 ferebatur
910 3184 999 3241 super
1015 3183 1107 3240 aquas

84 3257 118 3314 et
140 3273 189 3315 eas
212 3255 354 3332 calefacit,
378 3258 414 3314 nt
436 3256 536 3332 ignem
558 3255 589 3312 in
612 3274 643 3314 se
658 3253 802 3315 haberant
824 3258 854 3314 et
875 3259 912 3314 ut
932 3253 1108 3330 liquefactae

86 3345 224 3408 fluerent.
269 3345 309 3404 Et
336 3344 416 3403 idem
444 3344 540 3421 frigus
563 3364 657 3420 aquae
684 3345 862 3403 naturaliter
885 3363 920 3402 ex
943 3362 973 3402 se
997 3343 1109 3402 amittit
1122 3351 1151 3397 35

85 3434 188 3511 ignem
219 3437 250 3493 et
278 3433 348 3494 inde
375 3435 478 3495 fervet
524 3431 600 3492 Nam
627 3453 704 3509 aqua
726 3433 816 3492 hebet
841 3433 925 3492 inse
952 3434 1053 3509 ignem
1080 3434 1111 3490 et

86 3523 167 3600 ignis
193 3523 225 3582 in
252 3541 283 3583 sa
309 3523 488 3584 naturaliter
514 3523 614 3607 frigus
644 3545 752 3606 aquee,
781 3524 932 3606 quoniam
958 3541 1045 3598 adua
1066 3537 1138 3577 non
