<?xml version="1.0" encoding="UTF-8"?>
<!DOCTYPE html PUBLIC "-//W3C//DTD XHTML 1.0 Transitional//EN"
    "http://www.w3.org/TR/xhtml1/DTD/xhtml1-transitional.dtd">
<html xmlns="http://www.w3.org/1999/xhtml" xml:lang="en" lang="en">
 <head>
  <title>
</title>
<meta http-equiv="Content-Type" content="text/html;charset=utf-8" />
  <meta name='ocr-system' content='tesseract 3.04.00' />
  <meta name='ocr-capabilities' content='ocr_page ocr_carea ocr_par ocr_line ocrx_word'/>
</head>
<body>
  <div class='ocr_page' id='page_1' title='image "./hildegardiscaus01hildgoog_0206.png"; bbox 0 0 2460 3862; ppageno 0'>
   <div class='ocr_carea' id='block_1_1' title="bbox 343 124 1105 189">
    <p class='ocr_par' dir='ltr' id='par_1_1' title="bbox 343 124 1105 189">
     <span class='ocr_line' id='line_1_1' title="bbox 343 124 1105 189; baseline 0.008 -8"><span class='ocrx_word' id='word_1_1' title='bbox 343 125 486 182; x_wconf 80' lang='lat' dir='ltr'>CAUSAE</span> <span class='ocrx_word' id='word_1_2' title='bbox 504 125 551 181; x_wconf 72' lang='lat' dir='ltr'>Er</span> <span class='ocrx_word' id='word_1_3' title='bbox 569 124 692 181; x_wconf 76' lang='lat' dir='ltr'>CURAE</span> <span class='ocrx_word' id='word_1_4' title='bbox 710 125 776 180; x_wconf 86' lang='lat' dir='ltr'>LIB.</span> <span class='ocrx_word' id='word_1_5' title='bbox 797 124 844 179; x_wconf 83' lang='lat' dir='ltr'>IV.</span> <span class='ocrx_word' id='word_1_6' title='bbox 1042 129 1105 189; x_wconf 80' lang='lat'>195</span> 
     </span>
    </p>
   </div>
   <div class='ocr_carea' id='block_1_2' title="bbox 10 308 1154 3328">
    <p class='ocr_par' dir='ltr' id='par_1_2' title="bbox 42 308 1149 1368">
     <span class='ocr_line' id='line_1_2' title="bbox 66 308 1107 385; baseline 0.002 -20"><span class='ocrx_word' id='word_1_7' title='bbox 66 319 192 369; x_wconf 81' lang='lat' dir='ltr'>meum</span> <span class='ocrx_word' id='word_1_8' title='bbox 223 314 254 370; x_wconf 90' lang='lat' dir='ltr'>te</span> <span class='ocrx_word' id='word_1_9' title='bbox 283 310 451 373; x_wconf 83' lang='lat' dir='ltr'>constituo’.</span> <span class='ocrx_word' id='word_1_10' title='bbox 496 310 536 369; x_wconf 77' lang='lat' dir='ltr'>Et</span> <span class='ocrx_word' id='word_1_11' title='bbox 567 329 634 370; x_wconf 89' lang='lat' dir='ltr'>cum</span> <span class='ocrx_word' id='word_1_12' title='bbox 666 310 767 385; x_wconf 83' lang='lat' dir='ltr'>illum,</span> <span class='ocrx_word' id='word_1_13' title='bbox 800 309 853 385; x_wconf 91' lang='lat' dir='ltr'>qui</span> <span class='ocrx_word' id='word_1_14' title='bbox 884 308 922 367; x_wconf 87' lang='lat' dir='ltr'>ad</span> <span class='ocrx_word' id='word_1_15' title='bbox 952 308 1107 367; x_wconf 85' lang='lat' dir='ltr'>sinistrum</span> 
     </span>
     <span class='ocr_line' id='line_1_3' title="bbox 65 388 1107 477; baseline -0.004 -18"><span class='ocrx_word' id='word_1_16' title='bbox 65 388 261 471; x_wconf 70' lang='lat' dir='ltr'>lancearis,</span> <span class='ocrx_word' id='word_1_17' title='bbox 285 398 391 477; x_wconf 81' lang='lat' dir='ltr'>infigit,</span> <span class='ocrx_word' id='word_1_18' title='bbox 415 400 506 460; x_wconf 86' lang='lat' dir='ltr'>dicat:</span> <span class='ocrx_word' id='word_1_19' title='bbox 531 399 574 475; x_wconf 89' lang='lat' dir='ltr'>,In</span> <span class='ocrx_word' id='word_1_20' title='bbox 597 399 758 458; x_wconf 86' lang='lat' dir='ltr'>fortissima</span> <span class='ocrx_word' id='word_1_21' title='bbox 781 398 811 456; x_wconf 82' lang='lat' dir='ltr'>vi</span> <span class='ocrx_word' id='word_1_22' title='bbox 835 397 1044 474; x_wconf 87' lang='lat' dir='ltr'>omnipotentis</span> <span class='ocrx_word' id='word_1_23' title='bbox 1060 397 1107 456; x_wconf 86' lang='lat' dir='ltr'>dai</span> 
     </span>
     <span class='ocr_line' id='line_1_4' title="bbox 64 487 1106 564; baseline -0.003 -16"><span class='ocrx_word' id='word_1_24' title='bbox 64 487 134 547; x_wconf 81' lang='lat' dir='ltr'>ad</span> <span class='ocrx_word' id='word_1_25' title='bbox 154 491 354 548; x_wconf 78' lang='lat' dir='ltr'><strong>tutamentum</strong></span> <span class='ocrx_word' id='word_1_26' title='bbox 380 508 480 548; x_wconf 91' lang='lat' dir='ltr'>meum</span> <span class='ocrx_word' id='word_1_27' title='bbox 507 491 537 548; x_wconf 89' lang='lat' dir='ltr'>te</span> <span class='ocrx_word' id='word_1_28' title='bbox 564 488 723 551; x_wconf 87' lang='lat' dir='ltr'>confirmo’.</span> <span class='ocrx_word' id='word_1_29' title='bbox 767 487 807 545; x_wconf 79' lang='lat' dir='ltr'>Et</span> <span class='ocrx_word' id='word_1_30' title='bbox 833 487 888 546; x_wconf 89' lang='lat' dir='ltr'>hoc</span> <span class='ocrx_word' id='word_1_31' title='bbox 916 487 1036 564; x_wconf 79' lang='lat' dir='ltr'>cingulo</span> <span class='ocrx_word' id='word_1_32' title='bbox 1060 506 1106 545; x_wconf 89' lang='lat' dir='ltr'>ac·</span> 
     </span>
     <span class='ocr_line' id='line_1_5' title="bbox 42 570 1107 655; baseline 0.003 -23"><span class='ocrx_word' id='word_1_33' title='bbox 42 570 206 638; x_wconf 76' lang='lat' dir='ltr'>&#39;cinctus</span> <span class='ocrx_word' id='word_1_34' title='bbox 230 579 271 637; x_wconf 89' lang='lat' dir='ltr'>sit</span> <span class='ocrx_word' id='word_1_35' title='bbox 292 577 381 637; x_wconf 88' lang='lat' dir='ltr'>homo</span> <span class='ocrx_word' id='word_1_36' title='bbox 406 579 486 636; x_wconf 89' lang='lat' dir='ltr'>omni</span> <span class='ocrx_word' id='word_1_37' title='bbox 508 580 642 655; x_wconf 86' lang='lat' dir='ltr'>tempore</span> <span class='ocrx_word' id='word_1_38' title='bbox 665 577 778 637; x_wconf 91' lang='lat' dir='ltr'>tamin</span> <span class='ocrx_word' id='word_1_39' title='bbox 798 576 845 634; x_wconf 90' lang='lat' dir='ltr'>die</span> <span class='ocrx_word' id='word_1_40' title='bbox 861 595 952 652; x_wconf 86' lang='lat' dir='ltr'>quam</span> <span class='ocrx_word' id='word_1_41' title='bbox 967 577 999 634; x_wconf 90' lang='lat' dir='ltr'>in</span> <span class='ocrx_word' id='word_1_42' title='bbox 1013 580 1107 644; x_wconf 76' lang='lat' dir='ltr'>nocte,</span> 
     </span>
     <span class='ocr_line' id='line_1_6' title="bbox 61 665 1135 742; baseline 0.005 -19"><span class='ocrx_word' id='word_1_43' title='bbox 61 666 123 723; x_wconf 73' lang='lat' dir='ltr'>el:</span> <span class='ocrx_word' id='word_1_44' title='bbox 147 666 292 727; x_wconf 88' lang='lat' dir='ltr'>diabolica</span> <span class='ocrx_word' id='word_1_45' title='bbox 314 668 491 726; x_wconf 87' lang='lat' dir='ltr'>fantasmata</span> <span class='ocrx_word' id='word_1_46' title='bbox 513 686 582 726; x_wconf 86' lang='lat' dir='ltr'>eum</span> <span class='ocrx_word' id='word_1_47' title='bbox 603 666 806 726; x_wconf 83' lang='lat' dir='ltr'>abhorrebunt</span> <span class='ocrx_word' id='word_1_48' title='bbox 828 684 862 724; x_wconf 85' lang='lat' dir='ltr'>ac</span> <span class='ocrx_word' id='word_1_49' title='bbox 883 666 1000 742; x_wconf 84' lang='lat' dir='ltr'>magica</span> <span class='ocrx_word' id='word_1_50' title='bbox 1018 665 1135 728; x_wconf 86' lang='lat' dir='ltr'>verba5</span> 
     </span>
     <span class='ocr_line' id='line_1_7' title="bbox 63 754 1109 832; baseline -0.003 -17"><span class='ocrx_word' id='word_1_51' title='bbox 63 765 163 815; x_wconf 72' lang='lat' dir='ltr'>eum</span> <span class='ocrx_word' id='word_1_52' title='bbox 184 757 284 816; x_wconf 87' lang='lat' dir='ltr'>minua</span> <span class='ocrx_word' id='word_1_53' title='bbox 312 756 447 832; x_wconf 85' lang='lat' dir='ltr'>laedunt,</span> <span class='ocrx_word' id='word_1_54' title='bbox 481 774 549 815; x_wconf 90' lang='lat' dir='ltr'>cum</span> <span class='ocrx_word' id='word_1_55' title='bbox 571 756 722 832; x_wconf 87' lang='lat' dir='ltr'>praedicta</span> <span class='ocrx_word' id='word_1_56' title='bbox 744 754 946 814; x_wconf 85' lang='lat' dir='ltr'>benedictione</span> <span class='ocrx_word' id='word_1_57' title='bbox 970 773 1005 812; x_wconf 82' lang='lat' dir='ltr'>ex</span> <span class='ocrx_word' id='word_1_58' title='bbox 1028 755 1109 812; x_wconf 90' lang='lat' dir='ltr'>omni</span> 
     </span>
     <span class='ocr_line' id='line_1_8' title="bbox 60 843 1107 921; baseline -0.003 -16"><span class='ocrx_word' id='word_1_59' title='bbox 60 849 179 911; x_wconf 79' lang='lat' dir='ltr'>parte</span> <span class='ocrx_word' id='word_1_60' title='bbox 211 846 344 921; x_wconf 88' lang='lat' dir='ltr'>corporis</span> <span class='ocrx_word' id='word_1_61' title='bbox 374 845 421 905; x_wconf 89' lang='lat' dir='ltr'>sui</span> <span class='ocrx_word' id='word_1_62' title='bbox 458 864 513 920; x_wconf 89' lang='lat' dir='ltr'>per</span> <span class='ocrx_word' id='word_1_63' title='bbox 538 845 597 904; x_wconf 88' lang='lat' dir='ltr'>ieta</span> <span class='ocrx_word' id='word_1_64' title='bbox 626 845 763 904; x_wconf 85' lang='lat' dir='ltr'>munitur</span> <span class='ocrx_word' id='word_1_65' title='bbox 792 847 823 902; x_wconf 92' lang='lat' dir='ltr'>et</span> <span class='ocrx_word' id='word_1_66' title='bbox 854 843 1107 920; x_wconf 74' lang='lat' dir='ltr'>circumcingitur.</span> 
     </span>
     <span class='ocr_line' id='line_1_9' title="bbox 58 919 1109 994; baseline -0.003 -1"><span class='ocrx_word' id='word_1_67' title='bbox 58 919 168 993; x_wconf 81' lang='lat' dir='ltr'>Nam</span> <span class='ocrx_word' id='word_1_68' title='bbox 204 934 296 994; x_wconf 78' lang='lat' dir='ltr'>calibs</span> <span class='ocrx_word' id='word_1_69' title='bbox 330 937 375 993; x_wconf 89' lang='lat' dir='ltr'>est</span> <span class='ocrx_word' id='word_1_70' title='bbox 412 933 632 993; x_wconf 88' lang='lat' dir='ltr'>firmamentum</span> <span class='ocrx_word' id='word_1_71' title='bbox 671 938 701 993; x_wconf 87' lang='lat' dir='ltr'>et</span> <span class='ocrx_word' id='word_1_72' title='bbox 738 937 945 992; x_wconf 77' lang='lat' dir='ltr'><strong>ornamentum</strong></span> <span class='ocrx_word' id='word_1_73' title='bbox 983 933 1109 991; x_wconf 86' lang='lat' dir='ltr'>aliarum</span> 
     </span>
     <span class='ocr_line' id='line_1_10' title="bbox 58 1021 1108 1101; baseline 0 -21"><span class='ocrx_word' id='word_1_74' title='bbox 58 1031 194 1083; x_wconf 76' lang='lat' dir='ltr'>rerum</span> <span class='ocrx_word' id='word_1_75' title='bbox 220 1027 250 1083; x_wconf 89' lang='lat' dir='ltr'>et</span> <span class='ocrx_word' id='word_1_76' title='bbox 278 1026 322 1083; x_wconf 87' lang='lat' dir='ltr'>eet</span> <span class='ocrx_word' id='word_1_77' title='bbox 350 1023 435 1100; x_wconf 81' lang='lat' dir='ltr'>quasi</span> <span class='ocrx_word' id='word_1_78' title='bbox 463 1023 608 1101; x_wconf 88' lang='lat' dir='ltr'>quaedam</span> <span class='ocrx_word' id='word_1_79' title='bbox 635 1024 787 1082; x_wconf 85' lang='lat' dir='ltr'>adiunctio</span> <span class='ocrx_word' id='word_1_80' title='bbox 816 1023 851 1081; x_wconf 86' lang='lat' dir='ltr'>ad</span> <span class='ocrx_word' id='word_1_81' title='bbox 874 1023 951 1081; x_wconf 87' lang='lat' dir='ltr'>vires</span> <span class='ocrx_word' id='word_1_82' title='bbox 972 1021 1108 1097; x_wconf 86' lang='lat' dir='ltr'>hominis,</span> 
     </span>
     <span class='ocr_line' id='line_1_11' title="bbox 61 1111 1149 1187; baseline 0 -14"><span class='ocrx_word' id='word_1_83' title='bbox 61 1112 344 1184; x_wconf 82' lang='lat' dir='ltr'>quemadmodum</span> <span class='ocrx_word' id='word_1_84' title='bbox 375 1112 464 1172; x_wconf 88' lang='lat' dir='ltr'>homo</span> <span class='ocrx_word' id='word_1_85' title='bbox 495 1113 583 1172; x_wconf 89' lang='lat' dir='ltr'>fortis</span> <span class='ocrx_word' id='word_1_86' title='bbox 610 1116 665 1174; x_wconf 84' lang='lat' dir='ltr'>est.</span> <span class='ocrx_word' id='word_1_87' title='bbox 710 1111 768 1171; x_wconf 81' lang='lat' dir='ltr'>Sed</span> <span class='ocrx_word' id='word_1_88' title='bbox 793 1112 825 1170; x_wconf 90' lang='lat' dir='ltr'>iu</span> <span class='ocrx_word' id='word_1_89' title='bbox 851 1112 941 1172; x_wconf 73' lang='lat' dir='ltr'>halcu</span> <span class='ocrx_word' id='word_1_90' title='bbox 964 1111 1108 1187; x_wconf 86' lang='lat' dir='ltr'>quaedam</span> <span class='ocrx_word' id='word_1_91' title='bbox 1122 1129 1149 1173; x_wconf 85' lang='grc' dir='ltr'>1ο</span> 
     </span>
     <span class='ocr_line' id='line_1_12' title="bbox 58 1192 1108 1277; baseline 0 -18"><span class='ocrx_word' id='word_1_92' title='bbox 58 1192 243 1262; x_wconf 84' lang='lat' dir='ltr'>fortitudo</span> <span class='ocrx_word' id='word_1_93' title='bbox 275 1204 333 1276; x_wconf 81' lang='lat' dir='ltr'>est,</span> <span class='ocrx_word' id='word_1_94' title='bbox 365 1205 396 1261; x_wconf 90' lang='lat' dir='ltr'>et</span> <span class='ocrx_word' id='word_1_95' title='bbox 427 1202 563 1277; x_wconf 86' lang='lat' dir='ltr'>capreola</span> <span class='ocrx_word' id='word_1_96' title='bbox 591 1202 738 1260; x_wconf 89' lang='lat' dir='ltr'>mundum</span> <span class='ocrx_word' id='word_1_97' title='bbox 766 1201 875 1260; x_wconf 89' lang='lat' dir='ltr'>animal</span> <span class='ocrx_word' id='word_1_98' title='bbox 902 1203 958 1274; x_wconf 87' lang='lat' dir='ltr'>est,</span> <span class='ocrx_word' id='word_1_99' title='bbox 990 1203 1020 1259; x_wconf 89' lang='lat' dir='ltr'>et</span> <span class='ocrx_word' id='word_1_100' title='bbox 1042 1200 1108 1259; x_wconf 88' lang='lat' dir='ltr'>ideo</span> 
     </span>
     <span class='ocr_line' id='line_1_13' title="bbox 61 1283 984 1368; baseline -0.001 -18"><span class='ocrx_word' id='word_1_101' title='bbox 61 1283 235 1352; x_wconf 71' lang='lat' dir='ltr'>diabolici</span> <span class='ocrx_word' id='word_1_102' title='bbox 257 1291 381 1366; x_wconf 89' lang='lat' dir='ltr'>spiritus</span> <span class='ocrx_word' id='word_1_103' title='bbox 403 1291 461 1350; x_wconf 89' lang='lat' dir='ltr'>ista</span> <span class='ocrx_word' id='word_1_104' title='bbox 483 1291 684 1368; x_wconf 80' lang='lat' dir='ltr'>dedignantur</span> <span class='ocrx_word' id='word_1_105' title='bbox 707 1294 738 1349; x_wconf 86' lang='lat' dir='ltr'>at</span> <span class='ocrx_word' id='word_1_106' title='bbox 760 1309 794 1349; x_wconf 90' lang='lat' dir='ltr'>ea</span> <span class='ocrx_word' id='word_1_107' title='bbox 817 1290 984 1350; x_wconf 87' lang='lat' dir='ltr'>abhorrent.</span> 
     </span>
    </p>

    <p class='ocr_par' dir='ltr' id='par_1_3' title="bbox 57 1373 1150 1816">
     <span class='ocr_line' id='line_1_14' title="bbox 157 1373 1107 1458; baseline -0.004 -18"><span class='ocrx_word' id='word_1_108' title='bbox 157 1381 204 1441; x_wconf 87' lang='lat' dir='ltr'>Dc</span> <span class='ocrx_word' id='word_1_109' title='bbox 227 1380 378 1442; x_wconf 76' lang='lat' dir='ltr'>obliuione.</span> <span class='ocrx_word' id='word_1_110' title='bbox 426 1373 567 1458; x_wconf 79' lang='grc' dir='ltr'>1)Ηοι1ιο,</span> <span class='ocrx_word' id='word_1_111' title='bbox 591 1381 644 1456; x_wconf 90' lang='lat' dir='ltr'>qui</span> <span class='ocrx_word' id='word_1_112' title='bbox 660 1378 769 1455; x_wconf 86' lang='lat' dir='ltr'>absque</span> <span class='ocrx_word' id='word_1_113' title='bbox 785 1380 942 1439; x_wconf 84' lang='lat' dir='ltr'>voluntate</span> <span class='ocrx_word' id='word_1_114' title='bbox 965 1398 1018 1438; x_wconf 90' lang='lat' dir='ltr'>sua</span> <span class='ocrx_word' id='word_1_115' title='bbox 1034 1376 1107 1438; x_wconf 90' lang='lat' dir='ltr'>obli·</span> 
     </span>
     <span class='ocr_line' id='line_1_15' title="bbox 58 1467 1109 1544; baseline -0.001 -17"><span class='ocrx_word' id='word_1_116' title='bbox 58 1469 194 1530; x_wconf 75' lang='lat' dir='ltr'>vicens</span> <span class='ocrx_word' id='word_1_117' title='bbox 224 1472 275 1542; x_wconf 87' lang='lat' dir='ltr'>eet,</span> <span class='ocrx_word' id='word_1_118' title='bbox 308 1472 445 1529; x_wconf 85' lang='lat' dir='ltr'>urentem</span> <span class='ocrx_word' id='word_1_119' title='bbox 474 1470 602 1529; x_wconf 85' lang='lat' dir='ltr'>urticam</span> <span class='ocrx_word' id='word_1_120' title='bbox 635 1470 760 1544; x_wconf 87' lang='lat' dir='ltr'>accipiat</span> <span class='ocrx_word' id='word_1_121' title='bbox 788 1472 818 1527; x_wconf 93' lang='lat' dir='ltr'>et</span> <span class='ocrx_word' id='word_1_122' title='bbox 841 1488 905 1528; x_wconf 89' lang='lat' dir='ltr'>eam</span> <span class='ocrx_word' id='word_1_123' title='bbox 929 1467 966 1527; x_wconf 90' lang='lat' dir='ltr'>ad</span> <span class='ocrx_word' id='word_1_124' title='bbox 989 1486 1109 1527; x_wconf 85' lang='lat' dir='ltr'>succum</span> 
     </span>
     <span class='ocr_line' id='line_1_16' title="bbox 57 1557 1150 1628; baseline 0.001 -10"><span class='ocrx_word' id='word_1_125' title='bbox 57 1558 309 1619; x_wconf 62' lang='lat' dir='ltr'>contundatur</span> <span class='ocrx_word' id='word_1_126' title='bbox 332 1558 437 1618; x_wconf 87' lang='lat' dir='ltr'>deinde</span> <span class='ocrx_word' id='word_1_127' title='bbox 458 1558 505 1616; x_wconf 93' lang='lat' dir='ltr'>illi</span> <span class='ocrx_word' id='word_1_128' title='bbox 528 1558 678 1619; x_wconf 87' lang='lat' dir='ltr'>modicum</span> <span class='ocrx_word' id='word_1_129' title='bbox 701 1558 845 1619; x_wconf 74' lang='lat' dir='ltr'>baumolei</span> <span class='ocrx_word' id='word_1_130' title='bbox 869 1557 959 1616; x_wconf 89' lang='lat' dir='ltr'>addat</span> <span class='ocrx_word' id='word_1_131' title='bbox 980 1560 1018 1628; x_wconf 89' lang='lat' dir='ltr'>et,</span> <span class='ocrx_word' id='word_1_132' title='bbox 1041 1576 1109 1616; x_wconf 85' lang='lat' dir='ltr'>eum</span> <span class='ocrx_word' id='word_1_133' title='bbox 1123 1573 1150 1619; x_wconf 85' lang='lat'>15</span> 
     </span>
     <span class='ocr_line' id='line_1_17' title="bbox 58 1636 1109 1723; baseline -0.001 -16"><span class='ocrx_word' id='word_1_134' title='bbox 58 1636 259 1707; x_wconf 72' lang='lat' dir='ltr'>dormitum</span> <span class='ocrx_word' id='word_1_135' title='bbox 292 1646 389 1723; x_wconf 85' lang='lat' dir='ltr'>vadit,</span> <span class='ocrx_word' id='word_1_136' title='bbox 418 1651 521 1723; x_wconf 85' lang='lat' dir='ltr'>pectus</span> <span class='ocrx_word' id='word_1_137' title='bbox 552 1666 641 1706; x_wconf 86' lang='lat' dir='ltr'>suum</span> <span class='ocrx_word' id='word_1_138' title='bbox 662 1653 693 1707; x_wconf 85' lang='lat' dir='ltr'>et</span> <span class='ocrx_word' id='word_1_139' title='bbox 725 1652 860 1723; x_wconf 89' lang='lat' dir='ltr'>tempora</span> <span class='ocrx_word' id='word_1_140' title='bbox 891 1666 945 1706; x_wconf 90' lang='lat' dir='ltr'>sua</span> <span class='ocrx_word' id='word_1_141' title='bbox 976 1665 1043 1705; x_wconf 89' lang='lat' dir='ltr'>cum</span> <span class='ocrx_word' id='word_1_142' title='bbox 1076 1665 1109 1706; x_wconf 88' lang='lat' dir='ltr'>eo</span> 
     </span>
     <span class='ocr_line' id='line_1_18' title="bbox 60 1735 1110 1816; baseline -0.007 -16"><span class='ocrx_word' id='word_1_143' title='bbox 60 1740 245 1816; x_wconf 67' lang='lat' dir='ltr'>perungat</span> <span class='ocrx_word' id='word_1_144' title='bbox 271 1739 303 1796; x_wconf 86' lang='lat' dir='ltr'>et</span> <span class='ocrx_word' id='word_1_145' title='bbox 329 1735 385 1796; x_wconf 88' lang='lat' dir='ltr'>hoc</span> <span class='ocrx_word' id='word_1_146' title='bbox 412 1755 498 1811; x_wconf 86' lang='lat' dir='ltr'>saepe</span> <span class='ocrx_word' id='word_1_147' title='bbox 525 1737 622 1802; x_wconf 82' lang='lat' dir='ltr'>faciat.</span> <span class='ocrx_word' id='word_1_148' title='bbox 650 1740 681 1795; x_wconf 93' lang='lat' dir='ltr'>et</span> <span class='ocrx_word' id='word_1_149' title='bbox 703 1737 814 1796; x_wconf 82' lang='lat' dir='ltr'>oblivio</span> <span class='ocrx_word' id='word_1_150' title='bbox 834 1737 865 1794; x_wconf 90' lang='lat' dir='ltr'>in</span> <span class='ocrx_word' id='word_1_151' title='bbox 888 1755 921 1795; x_wconf 91' lang='lat' dir='ltr'>eo</span> <span class='ocrx_word' id='word_1_152' title='bbox 945 1737 1110 1809; x_wconf 68' lang='lat' dir='ltr'>minuetum</span> 
     </span>
    </p>

    <p class='ocr_par' dir='ltr' id='par_1_4' title="bbox 11 1825 1152 2081">
     <span class='ocr_line' id='line_1_19' title="bbox 11 1825 1108 1909; baseline -0.004 -23"><span class='ocrx_word' id='word_1_153' title='bbox 11 1829 199 1909; x_wconf 44' lang='lat' dir='ltr'>„acutus</span> <span class='ocrx_word' id='word_1_154' title='bbox 228 1825 307 1886; x_wconf 91' lang='lat' dir='ltr'>enim</span> <span class='ocrx_word' id='word_1_155' title='bbox 335 1826 416 1885; x_wconf 87' lang='lat' dir='ltr'>calor</span> <span class='ocrx_word' id='word_1_156' title='bbox 444 1827 557 1885; x_wconf 86' lang='lat' dir='ltr'>urentis</span> <span class='ocrx_word' id='word_1_157' title='bbox 584 1827 698 1885; x_wconf 87' lang='lat' dir='ltr'>urticae</span> <span class='ocrx_word' id='word_1_158' title='bbox 721 1829 752 1884; x_wconf 87' lang='lat' dir='ltr'>et</span> <span class='ocrx_word' id='word_1_159' title='bbox 774 1826 854 1885; x_wconf 85' lang='lat' dir='ltr'>calor</span> <span class='ocrx_word' id='word_1_160' title='bbox 877 1826 1020 1884; x_wconf 72' lang='lat' dir='ltr'>baumolei</span> <span class='ocrx_word' id='word_1_161' title='bbox 1042 1843 1108 1884; x_wconf 86' lang='lat' dir='ltr'>con·</span> 
     </span>
     <span class='ocr_line' id='line_1_20' title="bbox 50 1910 1111 1991; baseline -0.005 -15"><span class='ocrx_word' id='word_1_162' title='bbox 50 1910 213 1976; x_wconf 59' lang='lat' dir='ltr'>buriates</span> <span class='ocrx_word' id='word_1_163' title='bbox 235 1933 323 1976; x_wconf 85' lang='lat' dir='ltr'>venas</span> <span class='ocrx_word' id='word_1_164' title='bbox 346 1915 473 1991; x_wconf 81' lang='lat' dir='ltr'>pectoris</span> <span class='ocrx_word' id='word_1_165' title='bbox 496 1917 527 1974; x_wconf 88' lang='lat' dir='ltr'>et</span> <span class='ocrx_word' id='word_1_166' title='bbox 548 1917 716 1990; x_wconf 86' lang='lat' dir='ltr'>temporum</span> <span class='ocrx_word' id='word_1_167' title='bbox 740 1915 856 1990; x_wconf 82' lang='lat' dir='ltr'>excitat,</span> <span class='ocrx_word' id='word_1_168' title='bbox 886 1934 961 1991; x_wconf 90' lang='lat' dir='ltr'>quae</span> <span class='ocrx_word' id='word_1_169' title='bbox 985 1913 1111 1991; x_wconf 82' lang='lat' dir='ltr'>evigili</span> 
     </span>
     <span class='ocr_line' id='line_1_21' title="bbox 59 2002 1152 2081; baseline 0.001 -18"><span class='ocrx_word' id='word_1_170' title='bbox 59 2005 181 2065; x_wconf 57' lang='lat' dir='ltr'>&amp;orsu</span> <span class='ocrx_word' id='word_1_171' title='bbox 204 2004 392 2081; x_wconf 87' lang='lat' dir='ltr'>aliquantum</span> <span class='ocrx_word' id='word_1_172' title='bbox 414 2002 585 2064; x_wconf 89' lang='lat' dir='ltr'>dormitant.</span> <span class='ocrx_word' id='word_1_173' title='bbox 864 2060 866 2064; x_wconf 76' lang='grc'><strong>,</strong></span> <span class='ocrx_word' id='word_1_174' title='bbox 1124 2018 1152 2064; x_wconf 77' lang='lat'>20</span> 
     </span>
    </p>

    <p class='ocr_par' dir='ltr' id='par_1_5' title="bbox 64 2091 1112 2347">
     <span class='ocr_line' id='line_1_22' title="bbox 160 2091 1112 2170; baseline -0.004 -16"><span class='ocrx_word' id='word_1_175' title='bbox 160 2094 207 2154; x_wconf 79' lang='lat' dir='ltr'>De</span> <span class='ocrx_word' id='word_1_176' title='bbox 231 2093 373 2168; x_wconf 63' lang='lat' dir='ltr'>siccata.</span> <span class='ocrx_word' id='word_1_177' title='bbox 430 2091 488 2163; x_wconf 81' lang='lat' dir='ltr'>Qui</span> <span class='ocrx_word' id='word_1_178' title='bbox 522 2093 688 2170; x_wconf 77' lang='lat' dir='ltr'>singultum</span> <span class='ocrx_word' id='word_1_179' title='bbox 720 2094 843 2168; x_wconf 83' lang='lat' dir='ltr'>patitur,</span> <span class='ocrx_word' id='word_1_180' title='bbox 879 2094 1043 2169; x_wconf 87' lang='lat' dir='ltr'>plurimum</span> <span class='ocrx_word' id='word_1_181' title='bbox 1077 2092 1112 2150; x_wconf 90' lang='lat' dir='ltr'>de</span> 
     </span>
     <span class='ocr_line' id='line_1_23' title="bbox 66 2181 1112 2258; baseline -0.003 -17"><span class='ocrx_word' id='word_1_182' title='bbox 66 2182 236 2243; x_wconf 65' lang='lat' dir='ltr'>zucharo</span> <span class='ocrx_word' id='word_1_183' title='bbox 253 2182 378 2257; x_wconf 84' lang='lat' dir='ltr'>accipiat</span> <span class='ocrx_word' id='word_1_184' title='bbox 398 2184 428 2240; x_wconf 90' lang='lat' dir='ltr'>et</span> <span class='ocrx_word' id='word_1_185' title='bbox 442 2181 519 2241; x_wconf 90' lang='lat' dir='ltr'>illud</span> <span class='ocrx_word' id='word_1_186' title='bbox 541 2182 571 2240; x_wconf 90' lang='lat' dir='ltr'>in</span> <span class='ocrx_word' id='word_1_187' title='bbox 595 2181 690 2240; x_wconf 88' lang='lat' dir='ltr'>calida</span> <span class='ocrx_word' id='word_1_188' title='bbox 707 2202 785 2258; x_wconf 90' lang='lat' dir='ltr'>aqua</span> <span class='ocrx_word' id='word_1_189' title='bbox 800 2183 942 2242; x_wconf 87' lang='lat' dir='ltr'>dissolvat</span> <span class='ocrx_word' id='word_1_190' title='bbox 957 2187 988 2241; x_wconf 89' lang='lat' dir='ltr'>et</span> <span class='ocrx_word' id='word_1_191' title='bbox 1003 2200 1112 2257; x_wconf 88' lang='lat' dir='ltr'>aquam</span> 
     </span>
     <span class='ocr_line' id='line_1_24' title="bbox 64 2252 1111 2347; baseline 0.002 -21"><span class='ocrx_word' id='word_1_192' title='bbox 64 2252 169 2332; x_wconf 71' lang='lat' dir='ltr'>hanc</span> <span class='ocrx_word' id='word_1_193' title='bbox 192 2270 319 2331; x_wconf 87' lang='lat' dir='ltr'>calidam</span> <span class='ocrx_word' id='word_1_194' title='bbox 342 2270 434 2345; x_wconf 88' lang='lat' dir='ltr'>bibat,</span> <span class='ocrx_word' id='word_1_195' title='bbox 462 2271 603 2347; x_wconf 87' lang='lat' dir='ltr'>quoniam</span> <span class='ocrx_word' id='word_1_196' title='bbox 626 2270 708 2330; x_wconf 85' lang='lat' dir='ltr'>calor</span> <span class='ocrx_word' id='word_1_197' title='bbox 734 2271 850 2330; x_wconf 84' lang='lat' dir='ltr'>zuccari</span> <span class='ocrx_word' id='word_1_198' title='bbox 873 2290 941 2330; x_wconf 85' lang='lat' dir='ltr'>cum</span> <span class='ocrx_word' id='word_1_199' title='bbox 964 2271 1111 2329; x_wconf 87' lang='lat' dir='ltr'>suavitate</span> 
     </span>
    </p>

    <p class='ocr_par' dir='ltr' id='par_1_6' title="bbox 10 2358 1152 2882">
     <span class='ocr_line' id='line_1_25' title="bbox 10 2358 1112 2437; baseline 0.001 -22"><span class='ocrx_word' id='word_1_200' title='bbox 10 2358 36 2382; x_wconf 76' lang='lat'><strong><em>‘</em></strong></span> <span class='ocrx_word' id='word_1_201' title='bbox 75 2361 252 2421; x_wconf 65' lang='lat' dir='ltr'>adamatae</span> <span class='ocrx_word' id='word_1_202' title='bbox 275 2379 369 2437; x_wconf 86' lang='lat' dir='ltr'>aquae</span> <span class='ocrx_word' id='word_1_203' title='bbox 392 2359 570 2430; x_wconf 80' lang='lat' dir='ltr'>ariditatem,</span> <span class='ocrx_word' id='word_1_204' title='bbox 594 2379 684 2436; x_wconf 85' lang='lat' dir='ltr'>quam</span> <span class='ocrx_word' id='word_1_205' title='bbox 707 2361 804 2437; x_wconf 79' lang='lat' dir='ltr'>frigus</span> <span class='ocrx_word' id='word_1_206' title='bbox 827 2361 977 2436; x_wconf 80' lang='lat' dir='ltr'>singultus</span> <span class='ocrx_word' id='word_1_207' title='bbox 1000 2358 1112 2417; x_wconf 90' lang='lat' dir='ltr'>homini</span> 
     </span>
     <span class='ocr_line' id='line_1_26' title="bbox 76 2438 1152 2525; baseline 0 -16"><span class='ocrx_word' id='word_1_208' title='bbox 76 2438 195 2522; x_wconf 73' lang='lat' dir='ltr'>infert,</span> <span class='ocrx_word' id='word_1_209' title='bbox 217 2449 379 2521; x_wconf 89' lang='lat' dir='ltr'>liumectat,</span> <span class='ocrx_word' id='word_1_210' title='bbox 402 2450 482 2524; x_wconf 90' lang='lat' dir='ltr'>quod</span> <span class='ocrx_word' id='word_1_211' title='bbox 506 2450 595 2508; x_wconf 85' lang='lat' dir='ltr'>etiam</span> <span class='ocrx_word' id='word_1_212' title='bbox 619 2449 714 2508; x_wconf 85' lang='lat' dir='ltr'>calida</span> <span class='ocrx_word' id='word_1_213' title='bbox 737 2469 815 2525; x_wconf 89' lang='lat' dir='ltr'>aqua</span> <span class='ocrx_word' id='word_1_214' title='bbox 834 2449 1002 2508; x_wconf 87' lang='lat' dir='ltr'>infirmitati</span> <span class='ocrx_word' id='word_1_215' title='bbox 1017 2448 1111 2525; x_wconf 81' lang='lat' dir='ltr'>magis</span> <span class='ocrx_word' id='word_1_216' title='bbox 1124 2464 1152 2509; x_wconf 73' lang='lat'>25</span> 
     </span>
     <span class='ocr_line' id='line_1_27' title="bbox 85 2537 1110 2614; baseline 0.001 -19"><span class='ocrx_word' id='word_1_217' title='bbox 85 2538 234 2600; x_wconf 75' lang='lat' dir='ltr'>convenit</span> <span class='ocrx_word' id='word_1_218' title='bbox 257 2558 346 2614; x_wconf 91' lang='lat' dir='ltr'>quam</span> <span class='ocrx_word' id='word_1_219' title='bbox 369 2539 482 2614; x_wconf 86' lang='lat' dir='ltr'>viuum,</span> <span class='ocrx_word' id='word_1_220' title='bbox 505 2539 645 2614; x_wconf 88' lang='lat' dir='ltr'>quoniam</span> <span class='ocrx_word' id='word_1_221' title='bbox 669 2558 748 2613; x_wconf 91' lang='lat' dir='ltr'>aqua</span> <span class='ocrx_word' id='word_1_222' title='bbox 769 2537 841 2597; x_wconf 92' lang='lat' dir='ltr'>haec</span> <span class='ocrx_word' id='word_1_223' title='bbox 864 2538 963 2597; x_wconf 86' lang='lat' dir='ltr'>suavis</span> <span class='ocrx_word' id='word_1_224' title='bbox 987 2541 1044 2612; x_wconf 84' lang='lat' dir='ltr'>est,</span> <span class='ocrx_word' id='word_1_225' title='bbox 1067 2537 1110 2597; x_wconf 79' lang='lat' dir='ltr'>vi·</span> 
     </span>
     <span class='ocr_line' id='line_1_28' title="bbox 83 2626 1113 2690; baseline -0.004 -2"><span class='ocrx_word' id='word_1_226' title='bbox 83 2640 166 2688; x_wconf 73' lang='lat' dir='ltr'>num</span> <span class='ocrx_word' id='word_1_227' title='bbox 194 2630 295 2687; x_wconf 88' lang='lat' dir='ltr'>autem</span> <span class='ocrx_word' id='word_1_228' title='bbox 318 2628 408 2690; x_wconf 85' lang='lat' dir='ltr'>forte.</span> <span class='ocrx_word' id='word_1_229' title='bbox 451 2626 508 2686; x_wconf 82' lang='lat' dir='ltr'>Sed</span> <span class='ocrx_word' id='word_1_230' title='bbox 536 2631 566 2686; x_wconf 90' lang='lat' dir='ltr'>et</span> <span class='ocrx_word' id='word_1_231' title='bbox 595 2628 704 2687; x_wconf 89' lang='lat' dir='ltr'>siccum</span> <span class='ocrx_word' id='word_1_232' title='bbox 728 2627 903 2686; x_wconf 86' lang='lat' dir='ltr'>zuccharum</span> <span class='ocrx_word' id='word_1_233' title='bbox 927 2628 1061 2687; x_wconf 84' lang='lat' dir='ltr'>comedat</span> <span class='ocrx_word' id='word_1_234' title='bbox 1084 2627 1113 2684; x_wconf 91' lang='lat' dir='ltr'>et</span> 
     </span>
     <span class='ocr_line' id='line_1_29' title="bbox 89 2704 1112 2796; baseline -0.003 -20"><span class='ocrx_word' id='word_1_235' title='bbox 89 2704 297 2796; x_wconf 72' lang='lat' dir='ltr'>²)gari0filum</span> <span class='ocrx_word' id='word_1_236' title='bbox 320 2717 438 2776; x_wconf 91' lang='lat' dir='ltr'>ieiunus</span> <span class='ocrx_word' id='word_1_237' title='bbox 459 2716 632 2793; x_wconf 85' lang='lat' dir='ltr'>frequenter</span> <span class='ocrx_word' id='word_1_238' title='bbox 649 2717 814 2791; x_wconf 85' lang='lat' dir='ltr'>manducet,</span> <span class='ocrx_word' id='word_1_239' title='bbox 838 2717 888 2776; x_wconf 89' lang='lat' dir='ltr'>sed</span> <span class='ocrx_word' id='word_1_240' title='bbox 903 2719 1009 2776; x_wconf 69' lang='lat' dir='ltr'>zitwar</span> <span class='ocrx_word' id='word_1_241' title='bbox 1024 2735 1112 2792; x_wconf 90' lang='lat' dir='ltr'>pran-</span> 
     </span>
     <span class='ocr_line' id='line_1_30' title="bbox 92 2804 1113 2882; baseline -0.004 -15"><span class='ocrx_word' id='word_1_242' title='bbox 92 2822 145 2867; x_wconf 80' lang='lat' dir='ltr'>sus</span> <span class='ocrx_word' id='word_1_243' title='bbox 168 2806 340 2882; x_wconf 81' lang='lat' dir='ltr'>frequenter</span> <span class='ocrx_word' id='word_1_244' title='bbox 363 2804 497 2865; x_wconf 87' lang='lat' dir='ltr'>comedat</span> <span class='ocrx_word' id='word_1_245' title='bbox 519 2808 550 2865; x_wconf 86' lang='lat' dir='ltr'>at</span> <span class='ocrx_word' id='word_1_246' title='bbox 571 2805 627 2864; x_wconf 89' lang='lat' dir='ltr'>hec</span> <span class='ocrx_word' id='word_1_247' title='bbox 654 2806 743 2865; x_wconf 87' lang='lat' dir='ltr'>etiam</span> <span class='ocrx_word' id='word_1_248' title='bbox 773 2825 827 2882; x_wconf 90' lang='lat' dir='ltr'>per</span> <span class='ocrx_word' id='word_1_249' title='bbox 858 2825 986 2865; x_wconf 90' lang='lat' dir='ltr'>mensem</span> <span class='ocrx_word' id='word_1_250' title='bbox 1018 2824 1113 2864; x_wconf 89' lang='lat' dir='ltr'>unum</span> 
     </span>
    </p>

    <p class='ocr_par' dir='ltr' id='par_1_7' title="bbox 10 2892 1154 2969">
     <span class='ocr_line' id='line_1_31' title="bbox 10 2892 1154 2969; baseline 0.003 -20"><span class='ocrx_word' id='word_1_251' title='bbox 10 2942 14 2949; x_wconf 92' lang='lat'><em>.</em></span> <span class='ocrx_word' id='word_1_252' title='bbox 91 2896 194 2960; x_wconf 85' lang='lat' dir='ltr'>faciat.</span> <span class='ocrx_word' id='word_1_253' title='bbox 230 2892 306 2954; x_wconf 87' lang='lat' dir='ltr'>Nam</span> <span class='ocrx_word' id='word_1_254' title='bbox 322 2894 499 2954; x_wconf 84' lang='lat' dir='ltr'>zuccharum</span> <span class='ocrx_word' id='word_1_255' title='bbox 513 2894 675 2954; x_wconf 84' lang='lat' dir='ltr'>siccitatem</span> <span class='ocrx_word' id='word_1_256' title='bbox 699 2895 827 2954; x_wconf 88' lang='lat' dir='ltr'>eiusdem</span> <span class='ocrx_word' id='word_1_257' title='bbox 851 2895 978 2955; x_wconf 88' lang='lat' dir='ltr'>hominis</span> <span class='ocrx_word' id='word_1_258' title='bbox 993 2896 1111 2969; x_wconf 76' lang='lat' dir='ltr'>minuit,</span> <span class='ocrx_word' id='word_1_259' title='bbox 1125 2907 1154 2953; x_wconf 78' lang='lat' dir='ltr'>ac</span> 
     </span>
    </p>

    <p class='ocr_par' dir='ltr' id='par_1_8' title="bbox 10 2983 1105 3061">
     <span class='ocr_line' id='line_1_32' title="bbox 10 2983 1105 3061; baseline -0.002 -17"><span class='ocrx_word' id='word_1_260' title='bbox 10 3002 18 3056; x_wconf 74' lang='grc' dir='ltr'><strong>ῑ</strong></span> <span class='ocrx_word' id='word_1_261' title='bbox 94 2986 174 3045; x_wconf 84' lang='lat' dir='ltr'>calor</span> <span class='ocrx_word' id='word_1_262' title='bbox 202 3002 321 3060; x_wconf 88' lang='lat' dir='ltr'>queque</span> <span class='ocrx_word' id='word_1_263' title='bbox 348 2984 486 3061; x_wconf 74' lang='lat' dir='ltr'>genesiii,</span> <span class='ocrx_word' id='word_1_264' title='bbox 516 3002 584 3044; x_wconf 87' lang='lat' dir='ltr'>eum</span> <span class='ocrx_word' id='word_1_265' title='bbox 610 2984 689 3043; x_wconf 90' lang='lat' dir='ltr'>idem</span> <span class='ocrx_word' id='word_1_266' title='bbox 717 2983 805 3043; x_wconf 90' lang='lat' dir='ltr'>homo</span> <span class='ocrx_word' id='word_1_267' title='bbox 833 2985 959 3061; x_wconf 89' lang='lat' dir='ltr'>ieiunat,</span> <span class='ocrx_word' id='word_1_268' title='bbox 995 2990 1105 3060; x_wconf 85' lang='lat' dir='ltr'>&lt;eum&gt;</span> 
     </span>
    </p>

    <p class='ocr_par' dir='ltr' id='par_1_9' title="bbox 10 3073 1113 3328">
     <span class='ocr_line' id='line_1_33' title="bbox 10 3073 1113 3152; baseline 0 -18"><span class='ocrx_word' id='word_1_269' title='bbox 10 3104 17 3113; x_wconf 91' lang='lat'><em>·</em></span> <span class='ocrx_word' id='word_1_270' title='bbox 93 3075 255 3152; x_wconf 77' lang='lat' dir='ltr'>pertransit</span> <span class='ocrx_word' id='word_1_271' title='bbox 277 3078 307 3132; x_wconf 90' lang='lat' dir='ltr'>et</span> <span class='ocrx_word' id='word_1_272' title='bbox 329 3073 460 3132; x_wconf 89' lang='lat' dir='ltr'>calidum</span> <span class='ocrx_word' id='word_1_273' title='bbox 482 3074 563 3145; x_wconf 85' lang='lat' dir='ltr'>facit,</span> <span class='ocrx_word' id='word_1_274' title='bbox 606 3073 729 3148; x_wconf 57' lang='lat' dir='ltr'>lacior&gt;</span> <span class='ocrx_word' id='word_1_275' title='bbox 759 3076 859 3133; x_wconf 87' lang='lat' dir='ltr'>autem</span> <span class='ocrx_word' id='word_1_276' title='bbox 880 3075 1113 3134; x_wconf 67' lang='lat' dir='ltr'>circumfertis</span> 
     </span>
     <span class='ocr_line' id='line_1_34' title="bbox 92 3161 1112 3240; baseline 0 -17"><span class='ocrx_word' id='word_1_277' title='bbox 92 3167 138 3224; x_wconf 86' lang='lat' dir='ltr'>eet</span> <span class='ocrx_word' id='word_1_278' title='bbox 160 3166 191 3222; x_wconf 88' lang='lat' dir='ltr'>et</span> <span class='ocrx_word' id='word_1_279' title='bbox 214 3161 311 3240; x_wconf 81' lang='lat' dir='ltr'>frigus</span> <span class='ocrx_word' id='word_1_280' title='bbox 334 3162 484 3239; x_wconf 86' lang='lat' dir='ltr'>praefatae</span> <span class='ocrx_word' id='word_1_281' title='bbox 506 3162 598 3238; x_wconf 85' lang='lat' dir='ltr'>pestis</span> <span class='ocrx_word' id='word_1_282' title='bbox 622 3162 757 3237; x_wconf 81' lang='lat' dir='ltr'>depellit3</span> <span class='ocrx_word' id='word_1_283' title='bbox 781 3166 811 3221; x_wconf 91' lang='lat' dir='ltr'>et</span> <span class='ocrx_word' id='word_1_284' title='bbox 825 3164 857 3222; x_wconf 91' lang='lat' dir='ltr'>iu</span> <span class='ocrx_word' id='word_1_285' title='bbox 872 3182 979 3238; x_wconf 88' lang='lat' dir='ltr'>pranso</span> <span class='ocrx_word' id='word_1_286' title='bbox 994 3164 1112 3223; x_wconf 88' lang='lat' dir='ltr'>homins</span> 
     </span>
     <span class='ocr_line' id='line_1_35' title="bbox 92 3251 1112 3328; baseline -0.002 -16"><span class='ocrx_word' id='word_1_287' title='bbox 92 3253 149 3313; x_wconf 89' lang='lat' dir='ltr'>hoc</span> <span class='ocrx_word' id='word_1_288' title='bbox 176 3251 257 3327; x_wconf 83' lang='lat' dir='ltr'>facit,</span> <span class='ocrx_word' id='word_1_289' title='bbox 290 3251 440 3328; x_wconf 88' lang='lat' dir='ltr'>quoniam,</span> <span class='ocrx_word' id='word_1_290' title='bbox 474 3252 500 3311; x_wconf 92' lang='lat' dir='ltr'>ei</span> <span class='ocrx_word' id='word_1_291' title='bbox 534 3252 650 3311; x_wconf 88' lang='lat' dir='ltr'>ieiunus</span> <span class='ocrx_word' id='word_1_292' title='bbox 685 3255 769 3327; x_wconf 86' lang='lat' dir='ltr'>esset,</span> <span class='ocrx_word' id='word_1_293' title='bbox 804 3253 950 3312; x_wconf 86' lang='lat' dir='ltr'>fortitudo</span> <span class='ocrx_word' id='word_1_294' title='bbox 983 3252 1112 3311; x_wconf 83' lang='lat' dir='ltr'>eiusdem</span> 
     </span>
    </p>
   </div>
   <div class='ocr_carea' id='block_1_3' title="bbox 169 3457 1114 3531">
    <p class='ocr_par' dir='ltr' id='par_1_10' title="bbox 169 3457 1114 3531">
     <span class='ocr_line' id='line_1_36' title="bbox 169 3457 1114 3531; baseline -0.003 -14"><span class='ocrx_word' id='word_1_295' title='bbox 169 3461 190 3530; x_wconf 82' lang='lat'>1)</span> <span class='ocrx_word' id='word_1_296' title='bbox 208 3480 233 3518; x_wconf 79' lang='lat' dir='ltr'>v.</span> <span class='ocrx_word' id='word_1_297' title='bbox 249 3462 354 3518; x_wconf 83' lang='lat'><strong>13-17</strong></span> <span class='ocrx_word' id='word_1_298' title='bbox 367 3486 403 3507; x_wconf 88' lang='lat'><strong><em>=</em></strong></span> <span class='ocrx_word' id='word_1_299' title='bbox 419 3460 708 3531; x_wconf 75' lang='lat' dir='ltr'>Migne1169A-3;</span> <span class='ocrx_word' id='word_1_300' title='bbox 730 3477 754 3514; x_wconf 72' lang='lat' dir='ltr'>v.</span> <span class='ocrx_word' id='word_1_301' title='bbox 768 3477 795 3529; x_wconf 77' lang='lat' dir='ltr'>p.</span> <span class='ocrx_word' id='word_1_302' title='bbox 809 3459 869 3513; x_wconf 80' lang='lat' dir='ltr'>ers.</span> <span class='ocrx_word' id='word_1_303' title='bbox 885 3490 918 3499; x_wconf 94' lang='lat'><em>-</em></span> <span class='ocrx_word' id='word_1_304' title='bbox 934 3457 957 3528; x_wconf 80' lang='grc'>2)</span> <span class='ocrx_word' id='word_1_305' title='bbox 969 3477 994 3512; x_wconf 79' lang='lat' dir='ltr'>v.</span> <span class='ocrx_word' id='word_1_306' title='bbox 1008 3459 1114 3515; x_wconf 79' lang='lat' dir='ltr'>er-ac</span> 
     </span>
    </p>
   </div>
   <div class='ocr_carea' id='block_1_4' title="bbox 89 3533 1025 3672">
    <p class='ocr_par' dir='ltr' id='par_1_11' title="bbox 89 3533 1025 3672">
     <span class='ocr_line' id='line_1_37' title="bbox 89 3533 381 3606; baseline 0.021 -24"><span class='ocrx_word' id='word_1_307' title='bbox 89 3560 128 3582; x_wconf 81' lang='lat'>=</span> <span class='ocrx_word' id='word_1_308' title='bbox 145 3533 243 3606; x_wconf 67' lang='lat' dir='ltr'>mgis</span> <span class='ocrx_word' id='word_1_309' title='bbox 263 3534 330 3588; x_wconf 86' lang='lat'>1141</span> <span class='ocrx_word' id='word_1_310' title='bbox 352 3533 381 3588; x_wconf 83' lang='lat' dir='ltr'>s.</span> 
     </span>
     <span class='ocr_line' id='line_1_38' title="bbox 967 3619 1025 3672; baseline 0.017 -1"><span class='ocrx_word' id='word_1_311' title='bbox 967 3619 1025 3672; x_wconf 71' lang='lat' dir='ltr'>xa*</span> 
     </span>
    </p>
   </div>
   <div class='ocr_carea' id='block_1_5' title="bbox 0 0 1234 3862">
    <p class='ocr_par' dir='ltr' id='par_1_12' title="bbox 0 0 1234 3862">
     <span class='ocr_line' id='line_1_39' title="bbox 0 0 1234 3862; baseline 0 10"><span class='ocrx_word' id='word_1_312' title='bbox 0 0 1234 3862; x_wconf 95' lang='lat' dir='ltr'> </span> 
     </span>
    </p>
   </div>
  </div>
 </body>
</html>
