2460 3862
130 141 193 202 138
515 135 762 193 HILDEGARDIS

128 340 178 379 raa
202 338 271 379 suae
295 321 452 393 contraria,
485 323 557 379 tunc
588 340 686 380 samen
714 340 806 380 suum
833 322 864 380 in
886 321 1033 381 iniustum
1056 322 1148 382 locum

129 410 261 485 turpiter
293 410 412 484 emittit,
447 411 531 469 velut
568 411 628 486 illa,
666 410 719 487 qui
754 413 871 470 coctum
903 410 1004 470 cibum
1039 430 1074 470 ex
1096 412 1148 471 olla

129 517 247 558 sumens
271 518 337 556 eum
362 502 584 575 superterram
606 501 716 560 fundit.
764 500 804 559 ut
833 498 882 559 hic
914 504 959 560 est
991 500 1090 573 limus,
1116 500 1147 559 de

128 607 188 664 qno
211 587 343 647 homines
366 589 542 651 formantur.

102 691 116 735 5
197 677 245 736 De
262 677 434 751 pollutione.
470 677 504 736 ln
528 678 693 752 pollutione
718 681 818 737 autam
840 678 966 750 seminis,
989 697 1066 754 quae
1087 679 1145 737 dor·

130 766 239 825 miante
262 767 380 825 homine
403 766 514 843 absque
537 767 649 826 visione
672 767 768 826 somni
795 769 914 825 tantum
937 786 991 841 per
1014 769 1144 826 naturam

128 855 255 915 hominis
279 856 433 933 contingit,
466 857 555 915 ardor
587 856 735 915 medullae
758 874 816 915 non
838 859 985 932 movetur,
1017 858 1095 916 unda
1120 858 1144 914 at

127 946 193 1021 ipsa
215 946 300 1004 velut
323 965 408 1022 aqua,
434 964 510 1020 quae
534 945 650 1004 modico
674 946 771 1004 calore
794 944 895 1022 tepida
917 949 970 1017 661,
994 946 1144 1005 emittitur.

127 1033 163 1092 In
185 1035 354 1110 pollutione
377 1052 457 1109 vero,
482 1052 557 1109 quae
580 1037 719 1109 operante
743 1053 830 1110 opere
844 1054 898 1110 per
912 1035 1057 1094 visionem
1076 1052 1143 1094 som·

87 1138 115 1183 10
127 1123 159 1181 ni
181 1124 224 1199 fit,
250 1123 381 1181 medulla
403 1122 531 1182 bominis
554 1124 663 1182 acriter
686 1123 778 1195 ardet,
800 1124 846 1182 ita
869 1122 949 1200 qnod
971 1123 1075 1184 eadem
1089 1122 1143 1201 pol·

126 1213 203 1271 lutic
238 1217 310 1271 tunc
345 1213 430 1271 velut
464 1213 580 1273 fervens
615 1232 693 1289 aqua
712 1212 870 1287 educitur,
904 1231 964 1272 non
990 1217 1090 1272 tamen
1111 1211 1143 1269 ad

126 1303 248 1377 plenum
271 1304 367 1377 cocta,
400 1302 469 1378 quia
491 1301 580 1361 homo
603 1305 675 1361 tnnc
697 1320 756 1361 non
782 1302 897 1378 vigilat.
942 1301 983 1360 ut
1009 1303 1036 1362 si
1062 1301 1142 1360 homo

127 1391 286 1467 aliquando
310 1390 341 1448 in
365 1391 556 1450 delectatione
571 1395 616 1450 ast
638 1394 709 1464 (et)
735 1391 962 1450 commotionem
976 1391 1008 1449 in
1031 1407 1142 1467 corpora

127 1497 181 1538 suo
206 1480 303 1550 sent't,
337 1480 379 1538 ita
402 1481 498 1538 tamen
522 1481 601 1556 quod
626 1481 763 1556 genitalis
785 1498 891 1555 spuma
914 1479 952 1538 ob
974 1479 1031 1539 hoc
1053 1480 1089 1539 de
1114 1496 1143 1538 eo

89 1585 117 1628 15
130 1589 189 1627 non
204 1569 314 1628 effluit:
339 1569 405 1627 inde
428 1588 485 1627 non
511 1569 686 1627 debilitatur
709 1570 740 1627 in
763 1587 894 1644 corpore.
928 1567 959 1626 Si
974 1588 1046 1628 vero
1063 1570 1104 1628 ita
1117 1568 1143 1626 in

128 1658 320 1717 delectatione
345 1661 556 1732 commovetur,
588 1657 668 1732 quod
696 1677 802 1733 spuma
831 1657 903 1716 haec
926 1658 963 1716 ad
986 1659 1140 1717 articulum

128 1748 290 1806 emissionis
322 1748 498 1822 pervenerit,
531 1747 580 1805 sed
614 1751 713 1805 tamen
744 1749 823 1805 intra
845 1747 875 1805 in
900 1765 1024 1823 corpore
1047 1748 1141 1823 aliquo

126 1837 215 1895 modo
239 1837 406 1895 continente
428 1839 542 1894 retenta
565 1836 665 1906 fuerit,
694 1836 897 1894 infirmitatem
925 1836 1014 1896 homo
1038 1837 1140 1895 multo·

126 1926 204 1984 tiens
238 1926 340 1983 exinde
370 1926 504 1998 incurrit,
539 1925 582 1982 ita
614 1924 694 1999 quod
726 1930 779 1984 aut
806 1928 924 1984 acutam
952 1925 1066 1985 febrem
1095 1930 1142 1984 aut

87 2015 268 2072 notertianas
290 2014 384 2072 febres
408 2017 461 2072 aut
485 2014 556 2072 alias
578 2015 764 2073 infirmitates
786 2013 856 2074 inde
878 2013 1007 2074 habebit

193 2104 238 2162 De
261 2105 391 2178 centupli
414 2108 541 2176 tempore
563 2104 597 2160 16
629 2105 770 2165 masculo.
815 2103 966 2162 Masculus
997 2107 1097 2163 autem
1125 2120 1141 2160 a

126 2194 231 2268 quinto
265 2193 376 2250 decimo
409 2211 485 2250 anno
518 2193 621 2251 aetatis
650 2211 719 2251 suae
743 2195 867 2269 gustum
890 2191 1141 2252 delectationisin

126 2300 155 2340 se
178 2282 268 2340 habet
292 2284 321 2339 et
343 2285 415 2341 1666
437 2282 526 2339 etiam
549 2301 685 2357 spumam
707 2281 829 2339 humani
861 2282 980 2340 seminis
1005 2281 1042 2340 de
1064 2280 1142 2340 vanis

126 2370 356 2449 cogitationibus
380 2371 466 2430 facile
488 2371 519 2427 in
542 2389 576 2428 66
600 2370 731 2442 exsudat,
754 2370 806 2429 sed
822 2371 978 2430 delectatio
1003 2375 1034 2429 61
1049 2388 1142 2430 semen

85 2474 112 2519 25
126 2462 189 2519 eius
212 2461 343 2519 nondum
367 2460 403 2517 ad
426 2460 632 2518 maturitatem
654 2461 686 2518 in
709 2478 743 2518 66
766 2464 973 2536 pervenerunt.
1020 2459 1078 2518 saa
1099 2477 1143 2517 na·

126 2569 203 2609 cesse
226 2554 278 2624 661,
309 2568 376 2607 cum
399 2568 498 2607 semen
521 2549 583 2606 eius
613 2549 709 2607 adhuc
739 2549 934 2607 immaturum
968 2552 1021 2625 eet,
1054 2553 1091 2607 ut
1120 2546 1144 2606 61

127 2640 268 2697 acerrima
292 2638 425 2697 custodia
448 2637 631 2710 adhibeatur,
654 2657 690 2696 ne
714 2637 751 2695 ad
767 2638 921 2696 mulierem
938 2657 990 2696 seu
1007 2637 1142 2697 adoliam

127 2728 278 2786 libidinem
303 2747 387 2786 suam
410 2727 582 2802 explendam
606 2728 731 2799 accedat,
756 2728 837 2802 quod
860 2727 946 2786 facilc
969 2745 1005 2785 ex
1027 2727 1084 2786 hcc
1105 2727 1144 2784 in·

127 2817 234 2891 sipiens
258 2821 287 2874 et
309 2816 478 2875 intellectus
509 2835 620 2874 vacuus
653 2817 710 2874 erit
740 2818 770 2874 61
792 2816 914 2874 66166116
936 2817 967 2874 16
991 2835 1026 2876 eo
1050 2814 1144 2874 deficit

29 2952 33 2961 .
85 2917 113 2962 30
127 2908 157 2963 et
179 2906 264 2963 166116
288 2906 405 2963 1666666
429 2910 459 2963 61
481 2906 690 2964 incontinentis
714 2909 837 2964 naturae
852 2905 895 2980 fit,
920 2905 1001 2981 quod
1018 2905 1143 2965 nondum

127 2994 164 3051 ad
187 2995 391 3053 maturitatem
414 2994 496 3052 illam
519 2995 662 3070 pervenit,
690 2997 727 3052 61
753 2998 905 3053 maturum
928 3012 1027 3053 semen
1050 2994 1086 3054 16
1112 3010 1142 3052 eo

127 3083 252 3143 emittat.
297 3084 336 3141 Et
358 3085 383 3142 si
406 3085 553 3142 masculus
581 3084 667 3142 fortis
698 3084 728 3141 in
763 3102 886 3159 corpore
921 3086 973 3155 est,
1008 3088 1082 3142 tunc
1114 3082 1142 3139 16

126 3176 207 3231 sexto
231 3173 342 3231 decimo
371 3192 445 3231 anno
475 3173 578 3231 aetatis
606 3191 675 3231 suae
699 3173 735 3230 ad
758 3173 964 3231 maturitatem
987 3172 1143 3249 explendae

126 3262 299 3338 cupiditatis
323 3263 443 3333 accedit,
467 3264 514 3320 rel
537 3263 560 3320 61
584 3262 614 3319 16
639 3280 760 3336 corpore
792 3261 896 3320 debilis
926 3264 978 3334 est,
1010 3264 1085 3321 tunc
1113 3261 1141 3317 in

84 3362 111 3407 35
128 3353 253 3427 septimo
278 3351 391 3409 decimo
415 3370 489 3409 anno
517 3352 621 3410 aetatis
647 3370 717 3409 suae
744 3352 950 3410 maturitatem
980 3349 1142 3410 fertilitatis

127 3459 196 3499 suae
221 3441 406 3515 adipiscitur.
452 3439 492 3498 111
508 3440 612 3498 161616
628 3441 749 3516 plenum
765 3441 951 3499 intellectum
966 3443 996 3500 et
1011 3440 1143 3500 meliores

126 3535 155 3585 et
177 3530 344 3588 stabiliores
367 3548 461 3588 mores
484 3529 514 3587 in
537 3532 709 3588 maturitate
733 3549 786 3588 666
809 3529 911 3604 habet,
945 3549 1034 3606 qnam
1062 3530 1143 3606 prius
