2460 3862
72 178 76 185 ·
135 152 175 211 88
520 147 766 204 HlLDEGAltDIS

132 334 246 402 tenent,
279 335 369 408 atque
399 350 452 390 nec
485 331 573 391 nimis
603 351 711 407 parum
738 352 792 393 nec
822 333 911 393 nimis
940 335 1073 394 multum
1099 335 1147 395 sed

132 420 283 480 moderate
306 421 456 480 effluentes
478 420 591 480 rivulos
613 422 765 499 sanguinis
787 422 819 481 in
841 416 994 483 menstruo
1013 426 1148 500 tempore

131 510 285 570 sustinent.
330 510 371 569 Et
403 509 544 587 quoniam
566 528 682 587 grossas
710 529 798 572 venes
829 511 947 584 habent,
979 512 1146 588 plurimum

131 598 272 658 fecundae
302 603 372 658 sunt
401 599 433 657 in
455 600 537 674 prole
568 603 599 658 et
626 600 712 659 facile
735 600 920 677 concipiunt,
953 600 1034 677 quod
1058 602 1146 662 etiam

104 688 239 747 curatrix
262 692 292 747 et
315 688 412 747 omnia
434 689 546 749 viscera
568 707 671 748 earum
693 683 812 749 fortiter
841 692 939 764 posita
965 697 1045 752 sunt.
1091 690 1147 751 Sed

129 778 210 837 viros
232 776 289 836 sibi
312 777 466 838 attrahunt
492 780 523 837 et
545 796 594 837 eos
626 782 694 852 post
726 778 905 855 seducunt,
938 780 967 838 et
997 779 1066 838 ideo
1088 780 1145 840 viri

130 885 177 926 aas
201 870 310 926 amant.
356 866 442 938 Quod
473 867 499 926 si
525 886 543 924 a
565 866 637 926 viris
660 885 690 926 se
714 868 862 927 continere
883 869 997 941 volunt,
1027 887 1058 928 se
1081 887 1145 929 eon·

128 955 224 1016 tinere
250 977 268 1014 a
298 956 504 1016 coniunctione
538 974 640 1014 eorum
672 959 809 1032 possunt,
841 976 894 1017 nec
923 957 992 1017 inde
1015 958 1146 1018 multum

130 1046 265 1122 quamvis
298 1064 405 1122 parum
437 1045 640 1108 debilitentur.
696 1044 753 1104 Sed
790 1048 896 1119 tamen,
935 1047 961 1105 si
998 1046 1081 1107 viros
1115 1047 1145 1106 in

89 1144 117 1188 10
129 1135 333 1194 coniunctione
356 1134 565 1205 devitaverint,
598 1134 732 1194 difficiles
761 1138 793 1194 et
818 1153 924 1212 graves
951 1136 983 1194 in
1010 1135 1146 1196 moribus

130 1224 190 1283 suis
213 1227 317 1294 erunt,
344 1224 370 1283 si
393 1226 493 1282 autem
515 1242 583 1282 cum
615 1224 687 1283 viris
719 1223 840 1299 fuerint,
872 1224 917 1283 ita
949 1224 1031 1301 quod
1064 1243 1096 1285 se
1128 1245 1145 1284 a

129 1313 333 1373 coniunctione
364 1331 467 1371 eorum
497 1312 647 1372 continere
677 1312 840 1388 noluerint,
872 1313 1090 1374 incontinentes
1118 1316 1147 1374 at

129 1402 295 1478 superfluae
325 1401 487 1461 secundum
518 1402 598 1460 viros
630 1402 661 1460 in
690 1401 813 1461 libidine
848 1406 943 1466 erunt.
993 1403 1034 1462 nt
1066 1403 1145 1480 quod

129 1491 218 1550 etiam
241 1492 428 1568 aliquantum
451 1491 552 1550 viriles
580 1494 650 1549 eunt
676 1495 799 1567 propter
825 1492 1022 1566 viriditatem,
1056 1511 1145 1569 quam

88 1593 116 1638 15
129 1581 160 1640 in
182 1599 213 1641 se
236 1580 354 1653 habent,
378 1580 564 1656 aliquantum
585 1580 735 1656 lanuginis
751 1581 829 1640 circa
844 1583 979 1640 mentum
993 1581 1145 1641 interdum

129 1672 280 1731 emittunt.
312 1670 343 1729 Si
366 1673 466 1729 autem
486 1670 603 1728 rivulus
623 1669 775 1746 sanguinis
797 1670 827 1727 in
843 1673 995 1729 menstruo
1010 1674 1144 1748 tempore

128 1761 195 1818 anta
218 1760 354 1819 naturale
376 1762 495 1834 tempus
518 1759 548 1816 in
571 1759 613 1817 eis
641 1760 860 1834 strangulatur,
893 1763 966 1818 tunc
992 1758 1145 1820 interdum

129 1851 182 1906 eut
213 1848 356 1907 insaniam
385 1848 502 1922 cepitis,
535 1866 610 1924 quae
645 1851 689 1906 est
720 1848 854 1923 frenesin,
888 1849 1062 1924 incurrunt,
1093 1852 1145 1908 aut

128 1936 304 2013 spleneticae
336 1941 389 1995 eut
421 1937 600 2012 hydropicae
634 1940 734 2008 erunt,
771 1939 824 1995 aut
856 1940 1002 1997 exstantes
1036 1957 1144 2010 carnes,

88 2038 116 2083 20
130 2045 205 2103 quae
237 2045 352 2102 semper
386 2026 416 2083 in
452 2025 601 2084 ulceribus
637 2028 719 2099 sunt,
754 2026 786 2083 in
822 2025 864 2084 eis
902 2029 1051 2103 crescunt,
1093 2030 1145 2087 aut

129 2116 159 2174 in
196 2115 297 2191 aliquo
332 2115 464 2174 membro
499 2133 554 2174 suo
590 2117 856 2189 supercrescentem
890 2134 1022 2186 carnem,
1062 2117 1145 2176 velut

128 2204 273 2281 quaedam
299 2204 422 2280 pustula
449 2205 480 2262 in
512 2203 612 2279 aliqua
643 2201 747 2262 arbore
778 2205 826 2269 vel
857 2204 887 2262 in
920 2205 1022 2281 aliquo
1055 2224 1143 2282 pomo

127 2297 179 2367 est,
202 2294 347 2356 emittent

192 2384 238 2442 De
260 2383 395 2444 colerico.
430 2382 515 2440 Aliae
531 2384 631 2440 autem
648 2381 793 2457 quaedam
816 2382 941 2441 feminae
964 2386 1045 2455 sunt,
1068 2402 1144 2461 qnae

86 2484 114 2528 25
127 2475 230 2532 tenues
254 2489 355 2531 carnes
381 2471 432 2531 sed
459 2489 563 2547 grossa
589 2488 655 2530 ossa
683 2469 792 2529 habent
814 2475 844 2530 et
866 2472 1034 2531 moderatas
1057 2490 1145 2533 venas

126 2565 156 2621 et
178 2562 305 2638 spissum
336 2580 370 2620 ac
401 2560 529 2619 rubeum
559 2559 744 2636 sanguinem,
778 2563 808 2618 et
836 2561 942 2637 pallidi
969 2561 1080 2621 coloris
1112 2562 1143 2621 in

125 2651 201 2711 facie
223 2653 294 2709 sunt
317 2653 347 2709 et
370 2649 531 2724 prudentes
553 2651 624 2707 sunt
647 2667 679 2707 ac
707 2647 941 2709 benevolentiam
967 2653 1083 2727 tenent,
1115 2654 1144 2710 et

126 2741 167 2798 eis
189 2740 355 2799 reverentia
378 2737 414 2796 ab
436 2738 605 2797 hominibus
632 2735 800 2808 exhibetur,
834 2743 864 2798 et
885 2740 1040 2800 timentur.
1086 2739 1143 2799 Sed

125 2828 290 2904 plurimum
313 2828 486 2905 sangninem
508 2828 540 2885 in
562 2826 721 2885 menstruis
735 2826 903 2902 patiuntur,
926 2832 956 2887 et
978 2829 1089 2887 matrix
1111 2829 1143 2888 in

85 2929 112 2974 30
126 2918 168 2976 eis
191 2917 311 2976 fortiter
333 2918 429 2992 posita
451 2919 508 2988 est,
538 2934 572 2974 ac
599 2915 742 2974 fecundae
770 2920 848 2981 sunt,
894 2917 933 2976 llt
958 2917 1017 2976 viri
1045 2936 1142 2978 mores

128 3025 230 3065 aarum
246 3010 352 3081 amant,
375 3005 425 3065 sed
445 3011 543 3064 tamen
565 3024 611 3064 eas
628 3004 814 3080 aliquantum
830 3005 991 3065 devitando
1008 3007 1143 3084 fugiunt,

127 3096 267 3172 quoniam
291 3096 371 3171 ipsae
398 3096 467 3154 illos
499 3093 653 3153 alliciendo
677 3094 745 3153 illos
772 3098 841 3170 post
863 3114 894 3154 se
922 3115 981 3154 non
1008 3095 1143 3160 trahunt.

126 3184 211 3256 Quod
235 3185 260 3244 si
283 3185 314 3243 in
338 3183 542 3244 coniunctione
569 3183 746 3241 maritorum
772 3190 856 3260 sunt,
890 3191 986 3244 castae
1013 3189 1085 3245 sunt
1112 3190 1142 3245 et

125 3275 214 3334 fidem
237 3293 366 3334 uxorum
390 3273 449 3332 illis
480 3275 597 3333 seruant
631 3275 720 3348 atque
744 3291 812 3331 cum
840 3274 881 3333 eis
910 3292 996 3333 sanae
1018 3275 1143 3335 suntin

84 3373 111 3418 35
125 3383 255 3441 corpore,
286 3367 317 3422 et
339 3364 364 3422 si
386 3362 500 3420 maritis
523 3361 684 3434 caruerint,
717 3361 861 3421 dolebunt
883 3363 914 3421 in
942 3381 1080 3440 corpore,
1112 3367 1143 3423 et

124 3453 234 3514 debiles
257 3456 345 3512 erunt
366 3455 429 3509 tam
452 3450 488 3509 de
507 3451 571 3522 hoc,
596 3448 676 3526 quod
691 3451 832 3523 nesciunt,
857 3452 906 3511 cui
927 3452 1044 3512 homini
1058 3453 1146 3513 femi.

114 3561 202 3600 neam
226 3541 315 3602 tidem
338 3559 457 3604 serrare
480 3540 605 3618 possint,
638 3558 728 3616 quam
749 3540 786 3599 de
808 3540 873 3616 hoc,
904 3541 985 3617 quod
1015 3543 1141 3603 maritos
