2460 3862
140 125 202 185 112
525 72 771 177 monocerus

204 305 250 365 Dc
272 305 441 379 disertione.
498 303 574 364 (lum
607 309 709 364 autem
736 305 826 364 homo
852 304 990 382 comedit,
1024 305 1165 382 venulae,

105 390 106 393 ’
141 412 218 469 quae
241 396 365 470 gustum
388 393 528 464 sentiunt,
551 413 621 452 eum
644 413 698 470 per
721 413 828 470 corpus
848 393 996 466 dividunt,
1019 396 1051 454 et
1066 394 1165 454 subti-

137 482 242 542 liorem
265 501 385 542 succum
408 481 569 543 eorundem
592 482 726 543 ciborum
748 484 904 543 interiores
926 501 1025 556 venos,
1048 483 1166 544 scilicet

140 571 254 644 iecoris,
282 572 378 631 cordis
401 576 431 632 et
453 572 604 648 pulmonis
627 592 645 631 a
667 573 818 632 stomacho
848 572 1016 648 suscipiunt
1047 574 1078 632 et
1109 591 1166 649 per

111 662 239 719 5totum
262 678 370 738 corpus
393 661 559 737 deportant,
583 661 679 721 etita
702 661 822 739 sangnis
844 661 875 720 in
897 661 1016 722 homine
1031 665 1165 739 augetur

138 753 169 809 et
200 768 307 825 corpus
337 751 480 826 nutritur,
513 751 597 810 velut
627 750 704 828 ignis
727 769 781 828 per
801 750 905 810 follem
929 751 967 810 ad
988 751 1163 810 incendium

138 838 286 898 excitatur
319 842 350 899 et
383 841 461 900 sicut
495 857 549 915 per
581 842 705 899 ventum
739 844 769 899 et
798 859 897 899 rorem
927 858 1052 917 gramen
1082 840 1163 900 viret

138 931 169 988 et
192 928 305 988 crescit.
350 927 426 987 Nam
449 928 528 988 sicut
550 928 631 988 follis
653 929 752 1007 ignem
776 929 898 1001 excitat,
928 932 959 988 et
990 932 1026 988 ut
1054 932 1164 989 vontus

139 1021 169 1076 et
184 1036 233 1077 ros
248 1017 383 1095 gramina
398 1019 536 1093 educunt,
553 1017 596 1076 sic
610 1018 701 1076 etiam
716 1036 821 1077 succus
837 1016 972 1077 ciborum
987 1021 1018 1077 et
1032 1021 1165 1093 potuum

98 1110 126 1156 10
140 1106 314 1183 sanguinem
336 1110 367 1166 et
389 1107 489 1166 tabem
512 1109 602 1182 atque
634 1126 752 1166 carnem
782 1106 910 1166 hominis
941 1126 1102 1184 exsurgere
1135 1110 1165 1166 et

140 1196 326 1272 augmentari
349 1196 473 1256 faciunt.
518 1195 575 1255 Sed
599 1198 636 1254 ut
658 1196 739 1256 follis
761 1195 839 1273 ignis
862 1215 920 1255 non
935 1199 980 1256 est
994 1199 1025 1255 ot
1040 1200 1077 1256 ut
1091 1215 1163 1257 ren·

138 1288 188 1343 tus
212 1288 242 1344 et
264 1303 314 1344 ros
337 1285 472 1363 gramina
490 1303 550 1344 non
565 1289 644 1362 sunt,
668 1286 712 1344 ita
734 1304 855 1362 quoque
878 1303 932 1345 nec
954 1303 1060 1345 succus
1082 1284 1162 1344 cibo

144 1393 213 1432 rum
235 1374 355 1451 sanguis
377 1393 430 1434 nec
445 1375 558 1434 'succus
580 1382 709 1449 potuum
723 1375 814 1450 tabes,
838 1374 889 1433 scd
905 1393 1010 1434 succus
1025 1373 1164 1434 ciborum

139 1463 301 1522 secundum
326 1464 500 1541 sanguinem
523 1463 674 1522 coloratur
698 1466 728 1522 et
753 1463 785 1521 in
812 1463 876 1538 ipso
904 1467 957 1535 est,
989 1465 1019 1522 et
1051 1481 1160 1523 succus

99 1553 127 1599 15
139 1554 268 1626 potuum
291 1554 454 1612 secundum
477 1553 574 1611 tabem
599 1553 728 1612 colorem
752 1552 859 1628 accipit
881 1556 912 1611 et
926 1552 1038 1628 inipso
1053 1555 1161 1623 manet,

139 1643 169 1699 et
191 1641 365 1718 sanguinem
388 1641 426 1699 ad
448 1641 547 1700 tabem
569 1642 612 1700 ita
635 1641 784 1701 extollunt
807 1645 838 1700 et
860 1660 1019 1718 exsurgere
1034 1642 1161 1716 faciunt,

139 1732 176 1788 ut
197 1729 376 1789 formentum
399 1733 495 1790 totam
517 1749 644 1790 massam
666 1731 787 1807 farinae,
809 1730 907 1789 idest
930 1722 1065 1806 pastam}
1079 1734 1122 1789 et·
1135 1731 1166 1788 in

139 1818 211 1894 ipsis
233 1820 277 1877 ita
298 1823 472 1895 permanent
496 1823 525 1878 et
547 1820 589 1879 eis
611 1821 668 1879 hoc
690 1820 778 1879 modo
802 1819 1005 1879 coadunantur
1033 1822 1064 1879 et
1093 1838 1164 1878 cum

141 1907 183 1966 eis
206 1908 288 1966 etin
311 1910 352 1968 eis
375 1912 551 1968 evanescunt
574 1913 604 1967 et
627 1912 850 1968 consumuntur.

98 2001 128 2045 20
208 1998 255 2055 Dc
278 1999 429 2071 coactione.
461 1998 548 2068 Quod
570 2002 671 2057 autem
693 1998 725 2056 in
748 1997 882 2057 comestis
903 1995 976 2056 cibis
992 1999 1023 2056 et
1037 1997 1163 2072 potibus

141 2084 325 2144 delcetatum
347 2091 401 2163 est,
424 2086 461 2145 ad
484 2087 625 2146 inferiora
647 2086 774 2147 hominis
796 2086 947 2146 descendit
968 2089 999 2144 et
1014 2086 1046 2144 in
1062 2089 1166 2161 putre

87 2204 90 2210 ·
142 2173 240 2233 dinem
262 2176 402 2252 vertitur,
426 2180 457 2235 et
480 2179 642 2256 postquam
664 2176 853 2252 putredinem
875 2175 1030 2251 receperit,
1055 2173 1092 2233 ab
1113 2175 1165 2234 ho·

141 2263 220 2322 mine
252 2265 371 2337 eicitur,
401 2265 651 2342 quemadmodum
679 2269 789 2337 (cum)
816 2283 892 2323 uvae
919 2283 1008 2340 super
1034 2265 1167 2323 tortular

140 2357 305 2428 ponuntur,
327 2355 433 2415 vinum
456 2357 487 2414 in
509 2373 562 2414 ras
585 2354 740 2430 excipitur,
765 2356 795 2412 et
821 2353 902 2429 quod
928 2352 1082 2412 residuum
1114 2356 1166 2429 est,

99 2447 129 2493 25
142 2441 255 2502 scilicet
277 2445 414 2516 folliculi,
439 2444 618 2505 abiciuntur.

207 2533 253 2592 Dc
275 2535 436 2608 sanquine.
480 2533 520 2592 Et
552 2551 621 2590 oum
652 2531 744 2590 homo
768 2531 852 2606 bibit,
883 2530 1024 2590 subtilior
1047 2549 1164 2606 succus,

143 2621 196 2696 qui
230 2622 262 2680 in
296 2627 371 2698 potu
405 2625 457 2693 est,
491 2620 590 2680 tabem
625 2620 780 2697 sanguinis
808 2623 996 2698 augmentat,
1023 2623 1055 2679 et
1083 2619 1165 2697 quod

143 2710 327 2769 defoetatum
350 2715 401 2787 est,
425 2712 456 2770 in
479 2714 554 2787 potu
570 2710 608 2768 ad
623 2710 763 2777 inferiora
777 2709 936 2781 descendit,
959 2712 990 2768 et
1004 2712 1166 2786 postquam

143 2802 296 2858 excoctum
318 2801 419 2875 fuerit,
442 2800 479 2859 de
501 2799 619 2859 homine
642 2799 803 2876 egreditur,
827 2799 912 2858 velut
929 2798 1031 2874 liquor
1053 2797 1119 2858 vini
1136 2799 1166 2857 in

100 2893 130 2938 30
143 2906 211 2947 vase
233 2889 369 2964 superius
393 2893 477 2949 natat
500 2892 531 2948 et
553 2888 647 2948 faeces
670 2889 701 2946 in
728 2888 821 2947 fundo
848 2887 954 2950 iacent.
998 2886 1075 2946 Nam
1103 2905 1165 2947 san·

143 2976 212 3053 guis
235 2977 272 3036 de
295 2996 381 3038 succo
405 2979 541 3038 ciborum
563 2981 692 3054 augetur
714 2980 746 3035 et
760 2977 844 3036 tabes
859 2976 1012 3053 sanguinis
1028 2976 1065 3036 de
1080 2979 1164 3053 potu,

143 3084 196 3125 nec
231 3068 352 3145 sanguis
387 3069 449 3127 sinc
482 3067 550 3127 tabe
582 3085 644 3126 esse
677 3067 796 3143 poterit,
832 3064 1081 3143 quemadmodum
1114 3083 1166 3125 noc

144 3155 227 3216 cibus
251 3157 312 3215 sine
335 3160 411 3232 potu
433 3158 464 3215 in
487 3156 614 3232 homine,
638 3156 778 3232 quoniam
801 3155 826 3214 si
849 3155 969 3231 sanguis
991 3154 1092 3214 tabem
1107 3173 1165 3215 non

143 3244 272 3317 haberet,
296 3246 390 3305 durus
414 3249 488 3304 esset
503 3263 556 3304 nec
571 3246 664 3304 undas
678 3245 798 3304 fluendo
814 3244 949 3316 haberet3
972 3244 1052 3303 sicut
1066 3244 1163 3318 ctiam,

102 3341 130 3386 35
144 3335 169 3393 si
184 3333 273 3393 homo
289 3335 455 3395 comederet
470 3337 501 3393 et
514 3354 573 3394 non
588 3333 711 3406 biberet,
733 3337 816 3394 totus
832 3336 977 3393 aresceret
990 3351 1045 3392 nec
1064 3333 1164 3393 vivere

144 3426 253 3499 posset.
297 3423 383 3483 Unde
405 3422 506 3496 homo,
534 3424 586 3499 qui
609 3424 702 3483 malos
725 3427 755 3482 et
776 3423 941 3499 superfluos
964 3421 1046 3482 cibos
1068 3440 1162 3483 come·

146 3512 200 3588 dit,
223 3513 336 3571 malum
359 3513 533 3590 sanguinem
556 3513 660 3588 nutrit,
684 3513 795 3588 atille,
820 3513 873 3588 qui
896 3512 989 3570 malos
1012 3514 1043 3571 ot
1065 3530 1165 3588 super·
