2438 3854
169 136 232 194 222
556 128 802 185 flnnuuasnls

167 317 197 372 et
220 313 409 389 aliquantum
432 314 585 389 aquatiles,
608 315 665 374 iste
688 314 750 374 sine
774 314 865 375 dubio
890 314 927 373 de
944 314 1166 374 infirmitateuou

167 402 356 476 convalescet,
381 402 430 461 sed
454 403 607 462 morietur.
652 401 728 462 Nam
756 403 836 480 quod
859 422 930 463 caro
956 403 1046 463 faciei
1066 404 1168 463 hominis

168 491 257 550 huius
279 490 381 550 inflata
413 494 466 562 est,
502 492 557 552 hoc
581 491 616 551 de
640 492 762 552 diversis
784 493 910 551 infirmis
934 492 1112 553 humoribus
1130 496 1169 563 cst

167 580 220 657 qui
243 599 274 640 se
296 581 327 639 in
350 581 424 639 facie
458 580 540 641 illius
572 582 743 650 ostendunt;
775 581 855 657 quod
888 585 996 640 antem
1026 583 1104 642 oculi
1126 583 1171 642 sins

142 684 157 728 5
170 669 317 746 perlucidi
331 673 410 741 sunt,
434 672 470 728 ut
484 670 671 746 praedictum
695 674 746 745 est,
770 670 826 730 hoo
840 670 909 729 ideo
926 673 983 746 cst,
1001 672 1083 748 quod
1096 672 1172 730 anime

166 759 267 834 ignem
289 777 378 819 auum
401 759 432 816 in
456 759 564 818 eisdem
588 759 682 818 oculis
706 760 902 831 demonstrem
931 760 1018 835 quod
1046 780 1114 822 vero
1133 761 1171 820 ali·

165 851 313 924 quantum
337 847 483 923 aquatiles
505 851 583 918 sunt,
611 848 668 907 hoc
694 849 762 907 ideo
785 851 838 920 est,
867 847 951 925 quod
975 848 1057 926 ignis
1080 850 1172 909 animae

164 937 297 996 flammas
320 955 388 996 suas
411 935 449 994 ad
472 938 583 995 exitum
607 937 755 1014 producit,
780 937 860 1013 quod
877 937 914 995 de
937 939 1048 997 eodem
1071 956 1172 1016 corpore

165 1027 223 1086 cito
252 1026 367 1085 exitura
394 1028 446 1086 est.
493 1025 551 1095 Qui
580 1031 680 1086 autem
709 1027 814 1085 faciem
842 1026 1037 1102 aliquantum
1060 1028 1175 1088 indatur

125 1116 264 1191 1ohabet,
286 1118 323 1173 ut
346 1113 494 1173 dormiens
516 1115 615 1190 bomo,
638 1118 668 1174 et
690 1117 716 1174 si
739 1116 829 1175 etiam
852 1115 931 1174 oculi
956 1116 1023 1176 eius
1047 1116 1173 1194 perlucidi

165 1207 244 1278 sunt,
268 1204 319 1262 sed
341 1215 440 1262 tamen
463 1204 607 1279 aquatiles
630 1223 689 1264 non
711 1208 789 1281 sunt,
811 1204 861 1263 hic
880 1205 912 1263 in
927 1225 1041 1282 magna
1057 1206 1174 1284 angustie

165 1297 195 1351 et
217 1295 248 1351 in
271 1312 378 1370 magno
401 1293 535 1367 periculo
559 1296 683 1353 mortem
708 1294 757 1354 vix
780 1293 898 1364 evadet3
923 1293 1033 1353 faciem
1058 1295 1173 1355 enimin·

164 1383 243 1440 firmi
266 1382 355 1441 huius
378 1382 449 1440 mali
471 1382 610 1442 humores
632 1383 743 1453 inflant,
771 1382 822 1442 sed
852 1383 932 1442 oculi
956 1384 1023 1444 eius
1048 1382 1173 1461 perlucidi

164 1472 263 1548 ignem
300 1471 413 1530 animae
443 1472 474 1530 in
497 1491 527 1530 se
560 1491 621 1531 esse
651 1472 865 1543 demonstrant,
898 1471 951 1531 sed
983 1473 1011 1532 si
1048 1474 1173 1551 aquatile

125 1574 151 1618 15
164 1580 224 1620 uon
247 1563 326 1636 sunt,
349 1560 391 1619 ibi
414 1560 512 1619 anima
534 1561 666 1620 flammas
682 1580 749 1620 suos
765 1561 802 1620 ad
824 1560 937 1620 exitum
963 1581 1026 1621 non
1041 1562 1171 1638 producit

163 1649 215 1709 sed
238 1668 284 1709 eas
308 1649 345 1708 ad
367 1649 461 1709 vitam
483 1650 658 1709 reservando
680 1650 837 1714 subtrahit.

228 1740 274 1798 Dc
302 1740 379 1797 citae
406 1739 500 1813 siquo.
547 1739 634 1809 Quod
665 1740 690 1798 si
722 1740 801 1798 oculi
832 1739 896 1798 eius
930 1741 1004 1798 sunt
1035 1739 1173 1817 perlucidi,

162 1827 213 1886 sed
228 1827 416 1904 aliquantum
431 1828 545 1886 turbidi
561 1831 592 1886 et
607 1829 738 1887 multum
754 1827 908 1905 aquatiles,
923 1828 986 1887 cito
1002 1831 1175 1891 convalescet
1209 1850 1211 1901 j

162 1919 192 1974 et
224 1917 311 1976 vivet.
358 1915 433 1974 Nam
466 1918 546 1992 quod
577 1917 655 1976 oculi
685 1917 796 1976 infirmi
828 1916 917 1976 huius
947 1918 1102 1992 perlucidi
1127 1935 1174 1977 non

120 2015 149 2062 20
162 2009 240 2080 sunt,
264 2005 319 2064 hoc
341 2005 408 2064 ideo
432 2010 483 2080 est,
508 2007 647 2081 quoniam
671 2007 769 2064 anima
790 2007 888 2082 ignem
913 2025 1005 2064 suum
1020 2008 1061 2067 ad
1077 2008 1174 2067 exitum

161 2095 192 2151 in
217 2113 266 2153 sos
288 2113 348 2153 non
371 2094 470 2166 misit3
493 2096 575 2171 quod
596 2114 666 2154 vero
689 2095 804 2154 turbidi
826 2098 903 2170 sunt,
926 2094 985 2154 hoc
1017 2096 1055 2156 de
1086 2115 1173 2173 super·

161 2184 277 2243 fluitate
292 2184 444 2260 sanguinis
468 2188 519 2253 est,
543 2185 595 2258 qui
618 2203 648 2242 se
668 2184 710 2243 ibi
726 2185 763 2242 ad
779 2184 872 2243 vitam
888 2184 1035 2257 ostendit3
1061 2189 1093 2246 et
1106 2182 1174 2262 quod

161 2275 291 2333 multum
315 2273 459 2349 aquatiles
483 2277 561 2347 sunt,
591 2274 647 2332 hoc
677 2273 745 2335 inde
777 2276 827 2349 est,
859 2273 939 2348 quod
970 2273 1053 2334 idem
1085 2293 1174 2351 super·

160 2363 239 2422 fluus
261 2364 381 2439 sanguis
405 2361 440 2421 de
464 2362 626 2437 spumando
649 2380 679 2421 se
702 2365 812 2440 purget
841 2364 871 2421 ct
897 2361 999 2421 tabem
1027 2362 1065 2423 de
1094 2383 1122 2423 se
1146 2361 1175 2421 ad

120 2453 254 2511 sonitem
276 2452 396 2514 emittit.

226 2542 272 2602 De
294 2542 401 2602 mortis
423 2543 518 2616 siquo.
564 2541 663 2600 Homo
687 2540 785 2616 etiam,
809 2541 863 2615 qui
884 2558 1002 2615 semper
1017 2541 1051 2601 in
1068 2560 1174 2602 consue

160 2631 263 2689 tudine
287 2631 403 2706 sapiens
426 2635 456 2689 et
478 2630 608 2706 prudens
632 2630 701 2704 fuit,
724 2649 792 2689 cum
806 2647 894 2688 sanus
909 2629 941 2687 in
955 2647 1085 2706 corpore
1100 2634 1173 2699 esset

159 2720 184 2778 si
218 2720 275 2779 iste
304 2720 477 2778 infirmitate
509 2720 630 2794 desipit,
660 2724 697 2778 ut
727 2719 829 2789 homo,
861 2718 913 2794 qui
942 2717 975 2775 in
1007 2722 1109 2780 mente
1128 2738 1174 2779 sua

161 2809 319 2868 exterritus
335 2812 380 2868 est
395 2812 425 2868 ct
446 2810 478 2867 in
501 2807 602 2866 eadem
616 2808 786 2884 insipientia
800 2807 1005 2883 permanserit,
1029 2810 1177 2881 morietur,

119 2907 148 2952 30
162 2900 192 2955 et
214 2915 274 2955 non
296 2897 386 2957 vivet.
433 2897 519 2967 Quod
543 2898 620 2956 enim
643 2897 699 2956 iste
721 2897 752 2955 in
776 2896 990 2956 consuetudine
1014 2899 1132 2974 sapiens
1152 2900 1177 2956 et

161 2984 292 3061 prudens
308 2987 375 3058 fuit,
399 2986 456 3047 hoc
472 2988 556 3046 velut
571 2987 606 3044 de
622 2987 725 3061 permis
741 2985 950 3045 rationalitatis
970 2986 1091 3048 animae
1107 2990 1177 3056 erat3

161 3074 216 3150 qui
238 3074 310 3132 dum
342 3075 373 3133 in
407 3076 578 3135 infirmitate
612 3074 759 3135 stabiliter
794 3075 909 3150 desipit,
942 3075 1043 3134 anima
1077 3093 1178 3154 pennas

161 3163 374 3223 rationalitatis
398 3165 549 3224 subtrahit
571 3167 601 3223 et
624 3183 654 3223 se
677 3165 715 3223 ad
738 3165 850 3223 exitum
872 3167 1039 3239 praeparat.

226 3254 273 3313 Dc
296 3253 372 3311 citae
395 3254 488 3327 sique.
535 3253 593 3324 Qui
609 3256 709 3312 autem
725 3272 840 3328 semper
862 3253 977 3328 sapiens
1002 3258 1033 3314 et
1054 3255 1180 3330 prudens

117 3354 145 3398 35
161 3344 207 3418 de·
229 3342 334 3418 pennis
366 3342 576 3402 rationalitatis
608 3344 722 3401 animae
752 3342 819 3418 fuit,
850 3361 917 3401 cum
948 3360 1040 3403 sanus
1063 3343 1181 3416 eratsi

161 3432 298 3490 infirmus
321 3432 452 3491 inlecto
476 3427 593 3507 desipit,
618 3432 716 3490 anima
738 3432 769 3489 in
792 3430 1030 3491 rationalitatem
1046 3434 1134 3509 quasi
1148 3433 1181 3492 de

161 3521 224 3579 vita
248 3539 278 3580 se
301 3520 466 3592 subtrahit3
497 3524 527 3579 et
559 3522 585 3579 si
606 3525 679 3580 tunc
702 3521 806 3580 deinde
829 3521 860 3578 in
883 3520 985 3579 eadem
1008 3521 1180 3583 infirmitate
