2460 3862
331 119 477 177 classi}
495 120 542 176 ΕΤ
561 121 683 177 OURAE
701 122 769 177 LIB.
787 122 822 176 Π.
1043 124 1083 186 57

62 325 157 366 suum
179 309 210 366 et
230 308 339 366 iustam
361 327 537 386 mensuram,
564 311 601 368 ut
622 307 791 384 praefatum
818 311 874 380 est,
906 307 937 365 in
967 305 1085 366 homine

62 399 198 473 servant,
230 397 281 456 ille
307 397 339 455 in
363 398 464 474 quiete
488 401 519 458 et
540 399 665 457 sanitate
689 398 823 475 corporis
846 398 902 470 est;
936 397 962 456 si
984 399 1085 455 autem

62 484 123 544 sibi
147 486 274 546 invicem
296 487 537 564 repugnaverint,
560 488 687 547 debilem
710 489 740 546 et
762 487 922 561 infirmum,
944 488 981 544 ut
1002 505 1084 561 prae·

63 575 214 651 scriptum
236 579 289 653 est,
314 595 382 635 eum
405 576 528 639 faciunt.

136 665 219 737 Quod
244 670 371 740 quotuor
400 669 472 725 sunt
499 667 636 726 humores
663 670 789 727 tentam.
834 665 879 723 Ex
900 684 960 724 nno
984 668 1113 724 autem5

62 753 193 814 humore
217 759 269 814 aut
291 775 326 815 ex
350 753 466 815 dnobus
495 758 548 813 ant
575 775 610 814 ex
637 755 734 815 tribus
756 753 845 813 homo
870 758 1002 814 constare
1024 773 1085 813 non

63 846 174 920 potest,
189 843 240 903 sed
256 864 291 904 ex
303 847 442 921 quatuor,
457 847 494 903 ut
503 845 630 904 invicem
641 847 852 921 temperentur,
867 844 945 905 sicut
956 843 1084 903 mundus

64 951 102 992 ex
120 936 251 1009 quatuor
266 935 416 993 elementis
432 935 553 1009 constat,
579 953 655 1010 qnae
678 933 735 993 sibi
755 933 882 992 invicem
898 934 1084 992 concordant.

135 1022 180 1082 Dc
203 1023 251 1082 dci
272 1024 414 1086 condicta.
460 1023 540 1094 Quae
563 1024 589 1082 si
612 1022 771 1099 aliquando
795 1025 918 1099 propter
939 1021 1084 1081 iudicium

67 1111 117 1170 dei
140 1114 270 1172 terrores
293 1131 363 1173 suos
390 1111 556 1172 inordinate
584 1113 747 1187 emiserint,
780 1112 877 1170 multa
898 1111 1032 1187 pericula
1055 1113 1085 1169 et
1099 1116 1125 1161 10

66 1201 185 1260 mundo
210 1205 240 1260 et
261 1200 432 1261 hominibus
454 1202 600 1276 inferunt,
632 1202 675 1260 ita
708 1201 790 1277 quod
822 1201 902 1278 ignis
929 1204 974 1260 est
1000 1200 1085 1259 velut

65 1291 176 1362 lancea,
202 1310 251 1350 aer
273 1294 310 1350 ut
332 1291 458 1369 gladius,
481 1312 560 1368 equa
581 1294 619 1349 ut
641 1291 754 1367 clipeus
777 1292 807 1349 et
829 1293 909 1350 terra
931 1293 967 1349 ut
988 1289 1085 1348 iacula

66 1379 104 1438 ad
128 1379 290 1438 vindictam
312 1380 467 1439 hominnm
487 1382 654 1457 provocata.
688 1379 841 1439 Elementa
861 1380 939 1438 enim
954 1378 1085 1438 subiecta

65 1471 139 1528 aunt
159 1467 282 1544 homini,
306 1472 337 1528 et
353 1470 515 1530 secundum
538 1470 618 1547 quod
633 1470 697 1545 ipsa
712 1471 879 1546 tanguntur
894 1469 931 1527 ab
947 1466 1085 1543 operibus

64 1557 236 1630 hominum,
259 1559 301 1618 sic
324 1558 422 1617 officia
444 1577 497 1618 sua
516 1560 668 1619 interdum
688 1562 830 1618 exercent.
867 1556 943 1616 Nam
967 1555 1084 1633 qnando
1100 1562 1127 1607 15

65 1645 201 1706 homines
223 1666 254 1706 se
276 1647 403 1707 invicem
424 1648 626 1708 intermiscent
654 1667 721 1707 cum
747 1647 881 1724 proeliis,
912 1646 1084 1722 terroribus,

65 1735 137 1794 odio
168 1740 198 1795 et
225 1736 338 1796 invidia
367 1755 401 1796 ac
427 1738 458 1796 in
486 1737 641 1797 contrariis
668 1738 811 1814 peccatis,
843 1739 917 1796 tunc
948 1739 1085 1794 evertunt

64 1843 96 1884 se
120 1825 153 1883 in
175 1825 268 1884 alium
290 1830 321 1886 et
348 1826 379 1884 in
402 1827 584 1886 contrarium
606 1827 730 1886 modum
752 1828 805 1885 aut
828 1825 934 1885 caloris
957 1828 1011 1884 ant
1032 1824 1084 1883 fri·

66 1915 150 1991 geris
173 1917 227 1975 aut
249 1935 424 1992 magnarum
447 1916 623 1976 effusionum
646 1919 676 1975 et
697 1915 934 1977 inundationum.
967 1915 1008 1973 Et
1029 1912 1086 1973 hoc

63 2005 111 2064 est
127 2004 164 2063 de
178 2005 275 2080 prima
289 2005 482 2080 dispositione
497 2006 554 2081 dei,
576 2006 648 2080 quia
663 2005 704 2064 eis
720 2005 762 2064 sie
776 2025 794 2062 a
809 2004 864 2063 deo
885 2003 1082 2064 constitutum
1095 2007 1123 2053 20

63 2095 124 2167 est,
157 2097 194 2152 ut
220 2094 383 2154 secundum
416 2113 507 2171 opera
538 2094 693 2153 hominum
727 2094 886 2169 aliquando
918 2096 1085 2168 operentur,

65 2183 211 2258 qnoniam
227 2184 264 2242 ab
281 2182 420 2258 operibus
435 2184 558 2244 illorum
572 2187 748 2259 tanguntur,
770 2182 823 2242 ubi
846 2182 935 2243 homo
959 2200 1028 2241 cum
1044 2182 1085 2240 eis

64 2274 97 2331 et
110 2271 144 2329 in
159 2272 200 2331 eis
216 2276 365 2349 operatur.
397 2272 473 2332 Cum
489 2277 593 2335 autem
608 2272 740 2331 homines
758 2273 790 2330 in
801 2275 882 2332 recto
894 2272 1000 2330 itinere
1015 2273 1086 2329 sunt

65 2362 99 2420 et
121 2360 274 2421 moderate
298 2365 328 2421 et
350 2362 428 2422 bona
451 2365 481 2421 et
504 2363 582 2421 mala
604 2365 775 2438 operantur,
796 2365 869 2420 tunc
882 2361 937 2419 illa
951 2361 1085 2418 exercent

64 2450 167 2510 officia
189 2469 243 2510 sna
266 2450 301 2510 de
324 2453 422 2528 gratia
443 2451 490 2511 dei
510 2452 673 2511 secundnm
696 2451 900 2510 necessitatem
922 2448 1084 2511 hominum.
1098 2452 1126 2498 25

135 2540 182 2599 Dc
208 2542 408 2614 paenitentia.
463 2539 520 2600 Sed
552 2559 620 2600 cum
650 2539 752 2599 eadem
784 2540 928 2598 elementa
957 2540 1085 2599 terrores

64 2646 150 2704 snos,
177 2631 214 2688 nt
236 2629 349 2688 dictum
372 2634 428 2701 est,
458 2630 496 2688 ad
519 2629 651 2689 homines
675 2629 829 2704 emittunt,
857 2631 929 2687 tunc
950 2625 1085 2686 homines

65 2718 197 2794 plorent,
223 2719 350 2778 clament
365 2737 434 2778 cum
449 2719 585 2795 suspiriis
600 2722 632 2778 et
645 2719 783 2793 lacrimis,
803 2720 840 2776 ut
853 2717 926 2776 haec
941 2716 1086 2775 elementa

66 2806 235 2883 suscipiant
257 2812 287 2867 et
309 2807 346 2866 ad
369 2807 542 2884 sanguinem
565 2807 750 2866 immaculati
778 2806 848 2883 agni
878 2806 1024 2878 deferant,
1056 2808 1086 2864 et

64 2896 166 2974 gratia
188 2896 235 2955 dei
258 2901 411 2957 succurret
434 2897 484 2960 eis.
1099 2898 1126 2943 ³0

133 2986 180 3045 Dc
202 3003 275 3045 casu
296 2986 446 3060 Luciferi.
480 2984 600 3045 Lucifer
621 2987 705 3044 tanta
728 2984 906 3044 fortitudine
928 2987 1085 3060 porrectus

66 3078 113 3134 est
137 3095 155 3133 a
178 3076 266 3147 caelo,
291 3074 374 3152 quod
396 3094 456 3135 non
477 3074 665 3151 permittitur
687 3073 862 3133 aTartareo
881 3073 947 3132 loco
962 3072 1084 3133 moveri.

64 3161 144 3223 Nam
178 3165 204 3224 si
235 3165 351 3224 moveri
382 3166 496 3242 posset,
528 3164 627 3224 omnia
653 3164 797 3223 elementa
825 3162 1003 3221 fortitudine
1031 3179 1085 3219 sua
1206 3184 1211 3200 ·

65 3254 250 3331 immutaret,
273 3255 317 3313 ita
337 3255 418 3331 quod
434 3254 525 3314 etiam
538 3254 757 3312 firmamentum
772 3257 937 3312 retrorsum
951 3249 1085 3308 incedere

63 3344 177 3403 faceret
207 3346 237 3403 et
267 3343 349 3421 quod
379 3344 473 3403 solem
505 3345 535 3402 et
562 3343 664 3401 lunam
687 3345 718 3401 et
741 3342 841 3401 stellas
864 3339 1031 3400 obfuscaret
1055 3341 1127 3397 et35

65 3432 149 3510 quod
178 3433 264 3510 aquis
292 3452 412 3494 cursum
440 3451 529 3493 suum
551 3432 690 3491 retineret
712 3433 742 3490 et
764 3431 861 3489 multa
884 3426 1030 3488 contraria
1052 3427 1084 3485 in

65 3522 213 3583 creaturis
235 3523 352 3584 faceret
398 3521 478 3583 Huic
505 3522 645 3583 adhaeret
668 3519 766 3583 omnis
787 3520 885 3582 turba
906 3517 1104 3585 daemonum,
