<?xml version="1.0" encoding="UTF-8"?>
<!DOCTYPE html PUBLIC "-//W3C//DTD XHTML 1.0 Transitional//EN"
    "http://www.w3.org/TR/xhtml1/DTD/xhtml1-transitional.dtd">
<html xmlns="http://www.w3.org/1999/xhtml" xml:lang="en" lang="en">
 <head>
  <title>
</title>
<meta http-equiv="Content-Type" content="text/html;charset=utf-8" />
  <meta name='ocr-system' content='tesseract 3.04.00' />
  <meta name='ocr-capabilities' content='ocr_page ocr_carea ocr_par ocr_line ocrx_word'/>
</head>
<body>
  <div class='ocr_page' id='page_1' title='image "./hildegardiscaus01hildgoog_0070.png"; bbox 0 0 2460 3862; ppageno 0'>
   <div class='ocr_carea' id='block_1_1' title="bbox 352 117 1105 183">
    <p class='ocr_par' dir='ltr' id='par_1_1' title="bbox 352 117 1105 183">
     <span class='ocr_line' id='line_1_1' title="bbox 352 117 1105 183; baseline -0.003 -9"><span class='ocrx_word' id='word_1_1' title='bbox 352 117 497 175; x_wconf 79' lang='lat' dir='ltr'>CAUSAE</span> <span class='ocrx_word' id='word_1_2' title='bbox 515 119 562 175; x_wconf 77' lang='grc' dir='ltr'>ΕΤ</span> <span class='ocrx_word' id='word_1_3' title='bbox 581 119 703 179; x_wconf 75' lang='grc' dir='ltr'><strong>ΟΠΒΑΕ</strong></span> <span class='ocrx_word' id='word_1_4' title='bbox 721 118 789 174; x_wconf 83' lang='lat' dir='ltr'><strong>LIB.</strong></span> <span class='ocrx_word' id='word_1_5' title='bbox 807 118 842 173; x_wconf 88' lang='grc' dir='ltr'>Π.</span> <span class='ocrx_word' id='word_1_6' title='bbox 1063 125 1105 183; x_wconf 84' lang='grc'>59</span> 
     </span>
    </p>
   </div>
   <div class='ocr_carea' id='block_1_2' title="bbox 81 303 1150 2970">
    <p class='ocr_par' dir='ltr' id='par_1_2' title="bbox 83 303 1107 470">
     <span class='ocr_line' id='line_1_2' title="bbox 83 303 1107 382; baseline -0.003 -18"><span class='ocrx_word' id='word_1_7' title='bbox 83 307 208 365; x_wconf 85' lang='lat' dir='ltr'>tantum</span> <span class='ocrx_word' id='word_1_8' title='bbox 231 303 366 364; x_wconf 87' lang='lat' dir='ltr'>ardorem</span> <span class='ocrx_word' id='word_1_9' title='bbox 388 305 468 382; x_wconf 79' lang='lat' dir='ltr'>ignis</span> <span class='ocrx_word' id='word_1_10' title='bbox 491 305 652 378; x_wconf 84' lang='lat' dir='ltr'>emitteret,</span> <span class='ocrx_word' id='word_1_11' title='bbox 676 304 758 382; x_wconf 89' lang='lat' dir='ltr'>quod</span> <span class='ocrx_word' id='word_1_12' title='bbox 780 323 834 364; x_wconf 90' lang='lat' dir='ltr'>nec</span> <span class='ocrx_word' id='word_1_13' title='bbox 848 307 928 363; x_wconf 86' lang='lat' dir='ltr'>terre</span> <span class='ocrx_word' id='word_1_14' title='bbox 942 321 995 363; x_wconf 88' lang='lat' dir='ltr'>uec</span> <span class='ocrx_word' id='word_1_15' title='bbox 1011 305 1107 363; x_wconf 82' lang='lat' dir='ltr'>cetere</span> 
     </span>
     <span class='ocr_line' id='line_1_3' title="bbox 88 393 970 470; baseline -0.001 -17"><span class='ocrx_word' id='word_1_16' title='bbox 88 395 236 454; x_wconf 83' lang='lat' dir='ltr'>elementa</span> <span class='ocrx_word' id='word_1_17' title='bbox 259 396 312 453; x_wconf 88' lang='lat' dir='ltr'>aut</span> <span class='ocrx_word' id='word_1_18' title='bbox 334 393 409 453; x_wconf 84' lang='lat' dir='ltr'>uliae</span> <span class='ocrx_word' id='word_1_19' title='bbox 432 397 585 454; x_wconf 75' lang='lat' dir='ltr'>creaturae</span> <span class='ocrx_word' id='word_1_20' title='bbox 608 394 664 455; x_wconf 92' lang='lat' dir='ltr'>hoc</span> <span class='ocrx_word' id='word_1_21' title='bbox 686 394 808 454; x_wconf 89' lang='lat' dir='ltr'>sufferre</span> <span class='ocrx_word' id='word_1_22' title='bbox 829 394 970 470; x_wconf 84' lang='lat' dir='ltr'>possent]</span> 
     </span>
    </p>

    <p class='ocr_par' dir='ltr' id='par_1_3' title="bbox 81 480 1148 1541">
     <span class='ocr_line' id='line_1_4' title="bbox 154 480 1102 562; baseline -0.003 -20"><span class='ocrx_word' id='word_1_23' title='bbox 154 484 200 543; x_wconf 87' lang='lat' dir='ltr'>Dc</span> <span class='ocrx_word' id='word_1_24' title='bbox 219 480 333 562; x_wconf 81' lang='lat' dir='ltr'>furore.</span> <span class='ocrx_word' id='word_1_25' title='bbox 365 481 442 542; x_wconf 80' lang='lat' dir='ltr'>Nem</span> <span class='ocrx_word' id='word_1_26' title='bbox 464 484 490 544; x_wconf 87' lang='lat' dir='ltr'>si</span> <span class='ocrx_word' id='word_1_27' title='bbox 512 485 544 543; x_wconf 91' lang='lat' dir='ltr'>in</span> <span class='ocrx_word' id='word_1_28' title='bbox 563 483 681 544; x_wconf 86' lang='lat' dir='ltr'>homine</span> <span class='ocrx_word' id='word_1_29' title='bbox 696 484 805 542; x_wconf 91' lang='lat' dir='ltr'>humor</span> <span class='ocrx_word' id='word_1_30' title='bbox 820 500 898 541; x_wconf 89' lang='lat' dir='ltr'>unus</span> <span class='ocrx_word' id='word_1_31' title='bbox 913 481 988 542; x_wconf 87' lang='lat' dir='ltr'>alios</span> <span class='ocrx_word' id='word_1_32' title='bbox 1002 499 1102 558; x_wconf 87' lang='lat' dir='ltr'>super-</span> 
     </span>
     <span class='ocr_line' id='line_1_5' title="bbox 81 570 1102 642; baseline -0.003 -10"><span class='ocrx_word' id='word_1_33' title='bbox 81 572 261 632; x_wconf 79' lang='lat' dir='ltr'><strong>habundans</strong></span> <span class='ocrx_word' id='word_1_34' title='bbox 279 575 396 633; x_wconf 90' lang='lat' dir='ltr'>rectum</span> <span class='ocrx_word' id='word_1_35' title='bbox 411 573 545 633; x_wconf 80' lang='lat' dir='ltr'><strong>ordinem</strong></span> <span class='ocrx_word' id='word_1_36' title='bbox 559 591 647 632; x_wconf 86' lang='lat' dir='ltr'>suum</span> <span class='ocrx_word' id='word_1_37' title='bbox 661 577 692 632; x_wconf 89' lang='lat' dir='ltr'>et</span> <span class='ocrx_word' id='word_1_38' title='bbox 706 589 876 631; x_wconf 86' lang='lat' dir='ltr'>mensuram</span> <span class='ocrx_word' id='word_1_39' title='bbox 889 591 948 630; x_wconf 92' lang='lat' dir='ltr'>non</span> <span class='ocrx_word' id='word_1_40' title='bbox 962 570 1102 642; x_wconf 87' lang='lat' dir='ltr'>tenuerit,</span> 
     </span>
     <span class='ocr_line' id='line_1_6' title="bbox 84 659 1136 735; baseline -0.008 -13"><span class='ocrx_word' id='word_1_41' title='bbox 84 662 177 722; x_wconf 90' lang='lat' dir='ltr'>homo</span> <span class='ocrx_word' id='word_1_42' title='bbox 199 661 251 722; x_wconf 89' lang='lat' dir='ltr'>ille</span> <span class='ocrx_word' id='word_1_43' title='bbox 275 661 380 722; x_wconf 86' lang='lat' dir='ltr'>debilis</span> <span class='ocrx_word' id='word_1_44' title='bbox 403 665 433 722; x_wconf 89' lang='lat' dir='ltr'>et</span> <span class='ocrx_word' id='word_1_45' title='bbox 454 661 590 721; x_wconf 89' lang='lat' dir='ltr'>infirmus</span> <span class='ocrx_word' id='word_1_46' title='bbox 613 662 682 735; x_wconf 89' lang='lat' dir='ltr'>erit;</span> <span class='ocrx_word' id='word_1_47' title='bbox 714 662 828 722; x_wconf 86' lang='lat' dir='ltr'>sivero</span> <span class='ocrx_word' id='word_1_48' title='bbox 850 659 909 720; x_wconf 89' lang='lat' dir='ltr'>duo</span> <span class='ocrx_word' id='word_1_49' title='bbox 935 660 1102 719; x_wconf 89' lang='lat' dir='ltr'>inordinate</span> <span class='ocrx_word' id='word_1_50' title='bbox 1121 669 1136 713; x_wconf 81' lang='lat'>5</span> 
     </span>
     <span class='ocr_line' id='line_1_7' title="bbox 83 748 1105 828; baseline -0.002 -18"><span class='ocrx_word' id='word_1_51' title='bbox 83 752 202 828; x_wconf 87' lang='lat' dir='ltr'>pariter</span> <span class='ocrx_word' id='word_1_52' title='bbox 223 753 255 810; x_wconf 89' lang='lat' dir='ltr'>in</span> <span class='ocrx_word' id='word_1_53' title='bbox 281 751 400 811; x_wconf 89' lang='lat' dir='ltr'>homine</span> <span class='ocrx_word' id='word_1_54' title='bbox 428 751 656 824; x_wconf 75' lang='lat' dir='ltr'>exsurrexerint,</span> <span class='ocrx_word' id='word_1_55' title='bbox 691 750 743 809; x_wconf 92' lang='lat' dir='ltr'>ille</span> <span class='ocrx_word' id='word_1_56' title='bbox 774 748 882 808; x_wconf 80' lang='lat' dir='ltr'>durare</span> <span class='ocrx_word' id='word_1_57' title='bbox 913 767 972 809; x_wconf 89' lang='lat' dir='ltr'>non</span> <span class='ocrx_word' id='word_1_58' title='bbox 999 751 1105 826; x_wconf 76' lang='lat' dir='ltr'>potest,</span> 
     </span>
     <span class='ocr_line' id='line_1_8' title="bbox 86 839 1106 917; baseline -0.003 -17"><span class='ocrx_word' id='word_1_59' title='bbox 86 841 163 917; x_wconf 89' lang='lat' dir='ltr'>quia</span> <span class='ocrx_word' id='word_1_60' title='bbox 188 844 242 900; x_wconf 86' lang='lat' dir='ltr'>aut</span> <span class='ocrx_word' id='word_1_61' title='bbox 273 840 350 901; x_wconf 86' lang='lat' dir='ltr'>furit</span> <span class='ocrx_word' id='word_1_62' title='bbox 381 844 435 900; x_wconf 90' lang='lat' dir='ltr'>aut</span> <span class='ocrx_word' id='word_1_63' title='bbox 464 841 583 900; x_wconf 89' lang='lat' dir='ltr'>omnino</span> <span class='ocrx_word' id='word_1_64' title='bbox 615 841 648 899; x_wconf 88' lang='lat' dir='ltr'>in</span> <span class='ocrx_word' id='word_1_65' title='bbox 680 857 802 916; x_wconf 85' lang='lat' dir='ltr'>corpore</span> <span class='ocrx_word' id='word_1_66' title='bbox 836 839 928 914; x_wconf 84' lang='lat' dir='ltr'>perit,</span> <span class='ocrx_word' id='word_1_67' title='bbox 964 839 1106 915; x_wconf 87' lang='lat' dir='ltr'>quoniam</span> 
     </span>
     <span class='ocr_line' id='line_1_9' title="bbox 83 927 1106 1004; baseline -0.004 -14"><span class='ocrx_word' id='word_1_68' title='bbox 83 930 160 990; x_wconf 84' lang='lat' dir='ltr'>haee</span> <span class='ocrx_word' id='word_1_69' title='bbox 180 932 260 990; x_wconf 90' lang='lat' dir='ltr'>recte</span> <span class='ocrx_word' id='word_1_70' title='bbox 282 930 374 989; x_wconf 82' lang='lat' dir='ltr'>mixta</span> <span class='ocrx_word' id='word_1_71' title='bbox 400 948 458 989; x_wconf 91' lang='lat' dir='ltr'>non</span> <span class='ocrx_word' id='word_1_72' title='bbox 485 932 567 1004; x_wconf 85' lang='lat' dir='ltr'>sunt3</span> <span class='ocrx_word' id='word_1_73' title='bbox 600 931 653 989; x_wconf 86' lang='lat' dir='ltr'>aut</span> <span class='ocrx_word' id='word_1_74' title='bbox 683 930 709 990; x_wconf 87' lang='lat' dir='ltr'>si</span> <span class='ocrx_word' id='word_1_75' title='bbox 740 931 801 988; x_wconf 91' lang='lat' dir='ltr'>tres</span> <span class='ocrx_word' id='word_1_76' title='bbox 831 946 863 988; x_wconf 86' lang='lat' dir='ltr'>se</span> <span class='ocrx_word' id='word_1_77' title='bbox 893 927 983 987; x_wconf 89' lang='lat' dir='ltr'>simul</span> <span class='ocrx_word' id='word_1_78' title='bbox 1015 946 1106 1004; x_wconf 80' lang='lat' dir='ltr'>supra</span> 
     </span>
     <span class='ocr_line' id='line_1_10' title="bbox 86 1017 1105 1092; baseline -0.003 -13"><span class='ocrx_word' id='word_1_79' title='bbox 86 1020 214 1079; x_wconf 89' lang='lat' dir='ltr'>modum</span> <span class='ocrx_word' id='word_1_80' title='bbox 245 1037 334 1080; x_wconf 88' lang='lat' dir='ltr'>suum</span> <span class='ocrx_word' id='word_1_81' title='bbox 364 1018 560 1092; x_wconf 84' lang='lat' dir='ltr'>extenderint,</span> <span class='ocrx_word' id='word_1_82' title='bbox 592 1017 642 1078; x_wconf 89' lang='lat' dir='ltr'>hio</span> <span class='ocrx_word' id='word_1_83' title='bbox 669 1017 757 1078; x_wconf 90' lang='lat' dir='ltr'>homo</span> <span class='ocrx_word' id='word_1_84' title='bbox 784 1017 958 1077; x_wconf 84' lang='lat' dir='ltr'>debilitatur</span> <span class='ocrx_word' id='word_1_85' title='bbox 988 1020 1019 1076; x_wconf 89' lang='lat' dir='ltr'>et</span> <span class='ocrx_word' id='word_1_86' title='bbox 1046 1017 1105 1076; x_wconf 90' lang='lat' dir='ltr'>cito</span> 
     </span>
     <span class='ocr_line' id='line_1_11' title="bbox 85 1106 1148 1185; baseline -0.008 -17"><span class='ocrx_word' id='word_1_87' title='bbox 85 1109 243 1169; x_wconf 88' lang='lat' dir='ltr'>morietur.</span> <span class='ocrx_word' id='word_1_88' title='bbox 280 1107 313 1166; x_wconf 89' lang='lat' dir='ltr'>Si</span> <span class='ocrx_word' id='word_1_89' title='bbox 336 1110 436 1167; x_wconf 86' lang='lat' dir='ltr'>autem</span> <span class='ocrx_word' id='word_1_90' title='bbox 458 1127 558 1168; x_wconf 87' lang='lat' dir='ltr'>omnes</span> <span class='ocrx_word' id='word_1_91' title='bbox 585 1111 715 1185; x_wconf 88' lang='lat' dir='ltr'>quatuor</span> <span class='ocrx_word' id='word_1_92' title='bbox 738 1106 904 1166; x_wconf 87' lang='lat' dir='ltr'>inordinate</span> <span class='ocrx_word' id='word_1_93' title='bbox 928 1106 1105 1182; x_wconf 82' lang='lat' dir='ltr'>efflaverint‚</span> <span class='ocrx_word' id='word_1_94' title='bbox 1121 1115 1148 1161; x_wconf 89' lang='lat'>10</span> 
     </span>
     <span class='ocr_line' id='line_1_12' title="bbox 86 1194 1106 1258; baseline -0.002 -1"><span class='ocrx_word' id='word_1_95' title='bbox 86 1197 180 1258; x_wconf 87' lang='lat' dir='ltr'>homo</span> <span class='ocrx_word' id='word_1_96' title='bbox 203 1197 254 1257; x_wconf 91' lang='lat' dir='ltr'>ille</span> <span class='ocrx_word' id='word_1_97' title='bbox 277 1198 336 1258; x_wconf 90' lang='lat' dir='ltr'>cito</span> <span class='ocrx_word' id='word_1_98' title='bbox 360 1197 392 1256; x_wconf 89' lang='lat' dir='ltr'>in</span> <span class='ocrx_word' id='word_1_99' title='bbox 413 1197 478 1257; x_wconf 89' lang='lat' dir='ltr'>ictu</span> <span class='ocrx_word' id='word_1_100' title='bbox 500 1198 580 1257; x_wconf 91' lang='lat' dir='ltr'>oculi</span> <span class='ocrx_word' id='word_1_101' title='bbox 603 1201 633 1257; x_wconf 92' lang='lat' dir='ltr'>et</span> <span class='ocrx_word' id='word_1_102' title='bbox 655 1197 687 1256; x_wconf 91' lang='lat' dir='ltr'>in</span> <span class='ocrx_word' id='word_1_103' title='bbox 709 1199 860 1256; x_wconf 89' lang='lat' dir='ltr'>momento</span> <span class='ocrx_word' id='word_1_104' title='bbox 884 1196 920 1255; x_wconf 88' lang='lat' dir='ltr'>ab</span> <span class='ocrx_word' id='word_1_105' title='bbox 944 1196 986 1255; x_wconf 89' lang='lat' dir='ltr'>eis</span> <span class='ocrx_word' id='word_1_106' title='bbox 1006 1194 1106 1255; x_wconf 89' lang='lat' dir='ltr'>subito</span> 
     </span>
     <span class='ocr_line' id='line_1_13' title="bbox 89 1285 1108 1363; baseline -0.003 -16"><span class='ocrx_word' id='word_1_107' title='bbox 89 1286 247 1360; x_wconf 88' lang='lat' dir='ltr'>occiditur,</span> <span class='ocrx_word' id='word_1_108' title='bbox 268 1286 409 1363; x_wconf 91' lang='lat' dir='ltr'>quoniam</span> <span class='ocrx_word' id='word_1_109' title='bbox 425 1287 462 1345; x_wconf 81' lang='lat' dir='ltr'>ad</span> <span class='ocrx_word' id='word_1_110' title='bbox 478 1286 596 1346; x_wconf 88' lang='lat' dir='ltr'>nullum</span> <span class='ocrx_word' id='word_1_111' title='bbox 610 1289 729 1362; x_wconf 90' lang='lat' dir='ltr'>tempus</span> <span class='ocrx_word' id='word_1_112' title='bbox 744 1285 903 1345; x_wconf 79' lang='lat' dir='ltr'>subsistere</span> <span class='ocrx_word' id='word_1_113' title='bbox 923 1287 1036 1362; x_wconf 86' lang='lat' dir='ltr'>posset,</span> <span class='ocrx_word' id='word_1_114' title='bbox 1056 1285 1108 1344; x_wconf 83' lang='lat' dir='ltr'>sed</span> 
     </span>
     <span class='ocr_line' id='line_1_14' title="bbox 90 1374 1106 1452; baseline -0.001 -17"><span class='ocrx_word' id='word_1_115' title='bbox 90 1379 176 1436; x_wconf 85' lang='lat' dir='ltr'>totus</span> <span class='ocrx_word' id='word_1_116' title='bbox 207 1376 440 1452; x_wconf 84' lang='lat' dir='ltr'>dirumperetur,</span> <span class='ocrx_word' id='word_1_117' title='bbox 473 1376 557 1435; x_wconf 83' lang='lat' dir='ltr'>velut</span> <span class='ocrx_word' id='word_1_118' title='bbox 587 1377 685 1435; x_wconf 88' lang='lat' dir='ltr'>omnia</span> <span class='ocrx_word' id='word_1_119' title='bbox 712 1376 744 1434; x_wconf 89' lang='lat' dir='ltr'>in</span> <span class='ocrx_word' id='word_1_120' title='bbox 770 1375 931 1436; x_wconf 83' lang='lat' dir='ltr'>novissimo</span> <span class='ocrx_word' id='word_1_121' title='bbox 959 1374 1007 1434; x_wconf 90' lang='lat' dir='ltr'>die</span> <span class='ocrx_word' id='word_1_122' title='bbox 1038 1391 1106 1434; x_wconf 87' lang='lat' dir='ltr'>con·</span> 
     </span>
     <span class='ocr_line' id='line_1_15' title="bbox 87 1465 1107 1541; baseline -0.004 -15"><span class='ocrx_word' id='word_1_123' title='bbox 87 1466 260 1541; x_wconf 85' lang='lat' dir='ltr'>outiuntur,</span> <span class='ocrx_word' id='word_1_124' title='bbox 289 1483 358 1525; x_wconf 92' lang='lat' dir='ltr'>cum</span> <span class='ocrx_word' id='word_1_125' title='bbox 382 1468 513 1541; x_wconf 85' lang='lat' dir='ltr'>quatuor</span> <span class='ocrx_word' id='word_1_126' title='bbox 535 1467 679 1525; x_wconf 83' lang='lat' dir='ltr'>elementa</span> <span class='ocrx_word' id='word_1_127' title='bbox 701 1465 759 1525; x_wconf 90' lang='lat' dir='ltr'>sibi</span> <span class='ocrx_word' id='word_1_128' title='bbox 781 1465 909 1524; x_wconf 85' lang='lat' dir='ltr'>invicem</span> <span class='ocrx_word' id='word_1_129' title='bbox 931 1466 1107 1540; x_wconf 80' lang='lat' dir='ltr'>repugnant.</span> 
     </span>
    </p>

    <p class='ocr_par' dir='ltr' id='par_1_4' title="bbox 85 1552 1150 2611">
     <span class='ocr_line' id='line_1_16' title="bbox 158 1552 1150 1629; baseline -0.003 -15"><span class='ocrx_word' id='word_1_130' title='bbox 158 1554 204 1614; x_wconf 88' lang='lat' dir='ltr'>Dc</span> <span class='ocrx_word' id='word_1_131' title='bbox 225 1555 311 1614; x_wconf 74' lang='lat' dir='ltr'>Adae</span> <span class='ocrx_word' id='word_1_132' title='bbox 331 1554 540 1628; x_wconf 74' lang='lat' dir='ltr'>plasmatione.</span> <span class='ocrx_word' id='word_1_133' title='bbox 586 1554 666 1614; x_wconf 87' lang='lat' dir='ltr'>Deus</span> <span class='ocrx_word' id='word_1_134' title='bbox 688 1555 759 1615; x_wconf 84' lang='lat' dir='ltr'>fecit</span> <span class='ocrx_word' id='word_1_135' title='bbox 786 1554 821 1613; x_wconf 93' lang='lat' dir='ltr'>de</span> <span class='ocrx_word' id='word_1_136' title='bbox 848 1553 922 1614; x_wconf 89' lang='lat' dir='ltr'>limo</span> <span class='ocrx_word' id='word_1_137' title='bbox 950 1552 1108 1629; x_wconf 85' lang='lat' dir='ltr'>hominem,</span> <span class='ocrx_word' id='word_1_138' title='bbox 1121 1561 1150 1605; x_wconf 83' lang='lat'>1⁵</span> 
     </span>
     <span class='ocr_line' id='line_1_17' title="bbox 88 1641 1108 1719; baseline -0.003 -16"><span class='ocrx_word' id='word_1_139' title='bbox 88 1643 143 1703; x_wconf 91' lang='lat' dir='ltr'>sed</span> <span class='ocrx_word' id='word_1_140' title='bbox 175 1643 224 1703; x_wconf 79' lang='lat' dir='ltr'>vir</span> <span class='ocrx_word' id='word_1_141' title='bbox 253 1645 389 1703; x_wconf 87' lang='lat' dir='ltr'>mutatus</span> <span class='ocrx_word' id='word_1_142' title='bbox 420 1647 465 1704; x_wconf 81' lang='lat' dir='ltr'>e&#39;st</span> <span class='ocrx_word' id='word_1_143' title='bbox 498 1643 534 1704; x_wconf 93' lang='lat' dir='ltr'>de</span> <span class='ocrx_word' id='word_1_144' title='bbox 564 1644 636 1704; x_wconf 81' lang='lat' dir='ltr'>limo</span> <span class='ocrx_word' id='word_1_145' title='bbox 668 1644 698 1702; x_wconf 92' lang='lat' dir='ltr'>in</span> <span class='ocrx_word' id='word_1_146' title='bbox 731 1662 861 1719; x_wconf 86' lang='lat' dir='ltr'>carnem,</span> <span class='ocrx_word' id='word_1_147' title='bbox 895 1645 925 1701; x_wconf 94' lang='lat' dir='ltr'>et</span> <span class='ocrx_word' id='word_1_148' title='bbox 960 1641 1026 1702; x_wconf 91' lang='lat' dir='ltr'>ideo</span> <span class='ocrx_word' id='word_1_149' title='bbox 1063 1645 1108 1701; x_wconf 88' lang='lat' dir='ltr'>est</span> 
     </span>
     <span class='ocr_line' id='line_1_18' title="bbox 87 1731 1108 1810; baseline -0.002 -18"><span class='ocrx_word' id='word_1_150' title='bbox 87 1732 214 1810; x_wconf 84' lang='lat' dir='ltr'>propria</span> <span class='ocrx_word' id='word_1_151' title='bbox 249 1751 337 1793; x_wconf 67' lang='lat' dir='ltr'>muse</span> <span class='ocrx_word' id='word_1_152' title='bbox 374 1736 405 1792; x_wconf 91' lang='lat' dir='ltr'>et</span> <span class='ocrx_word' id='word_1_153' title='bbox 439 1732 607 1793; x_wconf 82' lang='lat' dir='ltr'>dominator</span> <span class='ocrx_word' id='word_1_154' title='bbox 644 1736 804 1792; x_wconf 85' lang='lat' dir='ltr'>creaturae.</span> <span class='ocrx_word' id='word_1_155' title='bbox 861 1731 964 1808; x_wconf 85' lang='lat' dir='ltr'>Atque</span> <span class='ocrx_word' id='word_1_156' title='bbox 996 1734 1108 1790; x_wconf 91' lang='lat' dir='ltr'>terram</span> 
     </span>
     <span class='ocr_line' id='line_1_19' title="bbox 86 1820 1107 1899; baseline -0.003 -17"><span class='ocrx_word' id='word_1_157' title='bbox 86 1824 246 1899; x_wconf 85' lang='lat' dir='ltr'>operetur,</span> <span class='ocrx_word' id='word_1_158' title='bbox 282 1825 319 1881; x_wconf 91' lang='lat' dir='ltr'>ut</span> <span class='ocrx_word' id='word_1_159' title='bbox 341 1823 458 1883; x_wconf 81' lang='lat' dir='ltr'>fructus</span> <span class='ocrx_word' id='word_1_160' title='bbox 479 1823 591 1898; x_wconf 84' lang='lat' dir='ltr'>pariet,</span> <span class='ocrx_word' id='word_1_161' title='bbox 624 1825 654 1881; x_wconf 88' lang='lat' dir='ltr'>et</span> <span class='ocrx_word' id='word_1_162' title='bbox 681 1826 726 1882; x_wconf 90' lang='lat' dir='ltr'>est</span> <span class='ocrx_word' id='word_1_163' title='bbox 752 1822 899 1883; x_wconf 87' lang='lat' dir='ltr'>fortitudo</span> <span class='ocrx_word' id='word_1_164' title='bbox 926 1821 958 1879; x_wconf 89' lang='lat' dir='ltr'>in</span> <span class='ocrx_word' id='word_1_165' title='bbox 985 1820 1107 1896; x_wconf 87' lang='lat' dir='ltr'>ossibus,</span> 
     </span>
     <span class='ocr_line' id='line_1_20' title="bbox 89 1911 1108 1989; baseline -0.003 -18"><span class='ocrx_word' id='word_1_166' title='bbox 89 1912 123 1971; x_wconf 87' lang='lat' dir='ltr'>in</span> <span class='ocrx_word' id='word_1_167' title='bbox 147 1911 230 1971; x_wconf 85' lang='lat' dir='ltr'>venis</span> <span class='ocrx_word' id='word_1_168' title='bbox 253 1930 287 1971; x_wconf 86' lang='lat' dir='ltr'>sc</span> <span class='ocrx_word' id='word_1_169' title='bbox 309 1912 341 1970; x_wconf 88' lang='lat' dir='ltr'>in</span> <span class='ocrx_word' id='word_1_170' title='bbox 364 1930 459 1984; x_wconf 89' lang='lat' dir='ltr'>carue,</span> <span class='ocrx_word' id='word_1_171' title='bbox 483 1914 514 1970; x_wconf 89' lang='lat' dir='ltr'>et</span> <span class='ocrx_word' id='word_1_172' title='bbox 536 1914 581 1971; x_wconf 89' lang='lat' dir='ltr'>est</span> <span class='ocrx_word' id='word_1_173' title='bbox 603 1911 720 1989; x_wconf 82' lang='lat' dir='ltr'>integro</span> <span class='ocrx_word' id='word_1_174' title='bbox 744 1911 841 1988; x_wconf 81' lang='lat' dir='ltr'>capite</span> <span class='ocrx_word' id='word_1_175' title='bbox 864 1929 898 1971; x_wconf 82' lang='lat' dir='ltr'>ac</span> <span class='ocrx_word' id='word_1_176' title='bbox 920 1911 1013 1987; x_wconf 88' lang='lat' dir='ltr'>spissa</span> <span class='ocrx_word' id='word_1_177' title='bbox 1039 1912 1108 1969; x_wconf 87' lang='lat' dir='ltr'>cute</span> 
     </span>
     <span class='ocr_line' id='line_1_21' title="bbox 85 1999 1149 2078; baseline -0.007 -17"><span class='ocrx_word' id='word_1_178' title='bbox 85 2005 181 2078; x_wconf 84' lang='lat' dir='ltr'>atque</span> <span class='ocrx_word' id='word_1_179' title='bbox 204 2001 412 2060; x_wconf 86' lang='lat' dir='ltr'>fortitudinem</span> <span class='ocrx_word' id='word_1_180' title='bbox 435 2019 520 2060; x_wconf 82' lang='lat' dir='ltr'>suem</span> <span class='ocrx_word' id='word_1_181' title='bbox 543 2000 624 2077; x_wconf 85' lang='lat' dir='ltr'>apud</span> <span class='ocrx_word' id='word_1_182' title='bbox 647 2018 678 2060; x_wconf 90' lang='lat' dir='ltr'>se</span> <span class='ocrx_word' id='word_1_183' title='bbox 700 2000 790 2060; x_wconf 81' lang='lat' dir='ltr'>habet</span> <span class='ocrx_word' id='word_1_184' title='bbox 805 2004 835 2060; x_wconf 85' lang='lat' dir='ltr'>et</span> <span class='ocrx_word' id='word_1_185' title='bbox 851 2019 949 2059; x_wconf 89' lang='lat' dir='ltr'>semen</span> <span class='ocrx_word' id='word_1_186' title='bbox 963 1999 1106 2076; x_wconf 83' lang='lat' dir='ltr'>producit</span> <span class='ocrx_word' id='word_1_187' title='bbox 1120 2005 1149 2052; x_wconf 55' lang='grc' dir='ltr'>ἢ)</span> 
     </span>
     <span class='ocr_line' id='line_1_22' title="bbox 85 2087 1108 2165; baseline -0.005 -14"><span class='ocrx_word' id='word_1_188' title='bbox 85 2091 169 2151; x_wconf 85' lang='lat' dir='ltr'>sicut</span> <span class='ocrx_word' id='word_1_189' title='bbox 191 2090 236 2150; x_wconf 91' lang='lat' dir='ltr'>sol</span> <span class='ocrx_word' id='word_1_190' title='bbox 258 2090 370 2150; x_wconf 92' lang='lat' dir='ltr'>lumen.</span> <span class='ocrx_word' id='word_1_191' title='bbox 416 2089 526 2149; x_wconf 89' lang='lat' dir='ltr'>Mulier</span> <span class='ocrx_word' id='word_1_192' title='bbox 549 2092 651 2149; x_wconf 87' lang='lat' dir='ltr'>autem</span> <span class='ocrx_word' id='word_1_193' title='bbox 673 2092 791 2149; x_wconf 88' lang='lat' dir='ltr'>mutata</span> <span class='ocrx_word' id='word_1_194' title='bbox 812 2108 872 2148; x_wconf 90' lang='lat' dir='ltr'>non</span> <span class='ocrx_word' id='word_1_195' title='bbox 895 2092 954 2159; x_wconf 84' lang='lat' dir='ltr'>est,</span> <span class='ocrx_word' id='word_1_196' title='bbox 978 2089 1050 2165; x_wconf 87' lang='lat' dir='ltr'>quia</span> <span class='ocrx_word' id='word_1_197' title='bbox 1072 2087 1108 2146; x_wconf 93' lang='lat' dir='ltr'>de</span> 
     </span>
     <span class='ocr_line' id='line_1_23' title="bbox 87 2177 1108 2256; baseline -0.006 -15"><span class='ocrx_word' id='word_1_198' title='bbox 87 2199 178 2241; x_wconf 82' lang='lat' dir='ltr'>carne</span> <span class='ocrx_word' id='word_1_199' title='bbox 212 2182 334 2256; x_wconf 86' lang='lat' dir='ltr'>sumpte</span> <span class='ocrx_word' id='word_1_200' title='bbox 371 2197 439 2239; x_wconf 84' lang='lat' dir='ltr'>caro</span> <span class='ocrx_word' id='word_1_201' title='bbox 477 2179 653 2255; x_wconf 88' lang='lat' dir='ltr'>permensit,</span> <span class='ocrx_word' id='word_1_202' title='bbox 691 2181 722 2242; x_wconf 90' lang='lat' dir='ltr'>et</span> <span class='ocrx_word' id='word_1_203' title='bbox 755 2178 822 2238; x_wconf 90' lang='lat' dir='ltr'>ideo</span> <span class='ocrx_word' id='word_1_204' title='bbox 861 2177 964 2237; x_wconf 78' lang='lat' dir='ltr'>datum</span> <span class='ocrx_word' id='word_1_205' title='bbox 1001 2180 1049 2237; x_wconf 89' lang='lat' dir='ltr'>est</span> <span class='ocrx_word' id='word_1_206' title='bbox 1081 2177 1108 2236; x_wconf 89' lang='lat' dir='ltr'>ei</span> 
     </span>
     <span class='ocr_line' id='line_1_24' title="bbox 88 2267 1109 2344; baseline -0.004 -16"><span class='ocrx_word' id='word_1_207' title='bbox 88 2268 286 2328; x_wconf 84' lang='lat' dir='ltr'>artificiosum</span> <span class='ocrx_word' id='word_1_208' title='bbox 313 2286 389 2344; x_wconf 91' lang='lat' dir='ltr'>opus</span> <span class='ocrx_word' id='word_1_209' title='bbox 417 2287 575 2344; x_wconf 86' lang='lat' dir='ltr'>manuum,</span> <span class='ocrx_word' id='word_1_210' title='bbox 607 2271 638 2327; x_wconf 91' lang='lat' dir='ltr'>et</span> <span class='ocrx_word' id='word_1_211' title='bbox 668 2269 753 2343; x_wconf 80' lang='lat' dir='ltr'>qussi</span> <span class='ocrx_word' id='word_1_212' title='bbox 776 2286 861 2327; x_wconf 84' lang='lat' dir='ltr'>aerea</span> <span class='ocrx_word' id='word_1_213' title='bbox 883 2270 939 2339; x_wconf 88' lang='lat' dir='ltr'>est,</span> <span class='ocrx_word' id='word_1_214' title='bbox 967 2267 1109 2342; x_wconf 85' lang='lat' dir='ltr'>quoniam</span> 
     </span>
     <span class='ocr_line' id='line_1_25' title="bbox 85 2355 1108 2434; baseline -0.005 -18"><span class='ocrx_word' id='word_1_215' title='bbox 85 2358 233 2417; x_wconf 84' lang='lat' dir='ltr'>infantem</span> <span class='ocrx_word' id='word_1_216' title='bbox 254 2357 286 2415; x_wconf 90' lang='lat' dir='ltr'>in</span> <span class='ocrx_word' id='word_1_217' title='bbox 309 2359 397 2416; x_wconf 82' lang='lat' dir='ltr'>utero</span> <span class='ocrx_word' id='word_1_218' title='bbox 420 2359 524 2433; x_wconf 85' lang='lat' dir='ltr'>portat</span> <span class='ocrx_word' id='word_1_219' title='bbox 546 2359 576 2415; x_wconf 90' lang='lat' dir='ltr'>et</span> <span class='ocrx_word' id='word_1_220' title='bbox 599 2377 668 2416; x_wconf 88' lang='lat' dir='ltr'>eum</span> <span class='ocrx_word' id='word_1_221' title='bbox 691 2360 821 2434; x_wconf 84' lang='lat' dir='ltr'>generet.</span> <span class='ocrx_word' id='word_1_222' title='bbox 851 2355 955 2432; x_wconf 81' lang='lat' dir='ltr'>Atque</span> <span class='ocrx_word' id='word_1_223' title='bbox 977 2355 1108 2415; x_wconf 85' lang='lat' dir='ltr'>divisum</span> 
     </span>
     <span class='ocr_line' id='line_1_26' title="bbox 86 2444 1148 2522; baseline -0.005 -15"><span class='ocrx_word' id='word_1_224' title='bbox 86 2449 181 2522; x_wconf 87' lang='lat' dir='ltr'>caput</span> <span class='ocrx_word' id='word_1_225' title='bbox 201 2445 292 2505; x_wconf 82' lang='lat' dir='ltr'>habet</span> <span class='ocrx_word' id='word_1_226' title='bbox 315 2448 345 2504; x_wconf 88' lang='lat' dir='ltr'>et</span> <span class='ocrx_word' id='word_1_227' title='bbox 366 2448 488 2504; x_wconf 92' lang='lat' dir='ltr'>tenuem</span> <span class='ocrx_word' id='word_1_228' title='bbox 510 2448 617 2520; x_wconf 85' lang='lat' dir='ltr'>cutem,</span> <span class='ocrx_word' id='word_1_229' title='bbox 640 2446 753 2506; x_wconf 88' lang='lat' dir='ltr'>scilicet</span> <span class='ocrx_word' id='word_1_230' title='bbox 774 2449 811 2504; x_wconf 93' lang='lat' dir='ltr'>ut</span> <span class='ocrx_word' id='word_1_231' title='bbox 834 2444 938 2520; x_wconf 85' lang='lat' dir='ltr'>inians,</span> <span class='ocrx_word' id='word_1_232' title='bbox 963 2464 1052 2520; x_wconf 91' lang='lat' dir='ltr'>quem</span> <span class='ocrx_word' id='word_1_233' title='bbox 1074 2445 1106 2502; x_wconf 90' lang='lat' dir='ltr'>in</span> <span class='ocrx_word' id='word_1_234' title='bbox 1120 2448 1148 2496; x_wconf 71' lang='lat'>25</span> 
     </span>
     <span class='ocr_line' id='line_1_27' title="bbox 89 2534 689 2611; baseline 0.003 -17"><span class='ocrx_word' id='word_1_235' title='bbox 89 2539 180 2595; x_wconf 88' lang='lat' dir='ltr'>utero</span> <span class='ocrx_word' id='word_1_236' title='bbox 203 2537 312 2611; x_wconf 80' lang='lat' dir='ltr'>portet,</span> <span class='ocrx_word' id='word_1_237' title='bbox 336 2554 434 2594; x_wconf 86' lang='lat' dir='ltr'>aerem</span> <span class='ocrx_word' id='word_1_238' title='bbox 456 2534 565 2594; x_wconf 86' lang='lat' dir='ltr'>hebere</span> <span class='ocrx_word' id='word_1_239' title='bbox 586 2535 689 2611; x_wconf 87' lang='lat' dir='ltr'>possit.</span> 
     </span>
    </p>

    <p class='ocr_par' dir='ltr' id='par_1_5' title="bbox 85 2624 1149 2970">
     <span class='ocr_line' id='line_1_28' title="bbox 157 2624 1107 2699; baseline -0.005 -15"><span class='ocrx_word' id='word_1_240' title='bbox 157 2625 204 2684; x_wconf 88' lang='lat' dir='ltr'>Dc</span> <span class='ocrx_word' id='word_1_241' title='bbox 226 2627 376 2699; x_wconf 77' lang='lat' dir='ltr'>concept.</span> <span class='ocrx_word' id='word_1_242' title='bbox 421 2624 492 2684; x_wconf 83' lang='lat' dir='ltr'>Tale</span> <span class='ocrx_word' id='word_1_243' title='bbox 516 2627 617 2684; x_wconf 87' lang='lat' dir='ltr'>eutem</span> <span class='ocrx_word' id='word_1_244' title='bbox 645 2629 690 2683; x_wconf 83' lang='lat' dir='ltr'>est</span> <span class='ocrx_word' id='word_1_245' title='bbox 720 2624 842 2682; x_wconf 90' lang='lat' dir='ltr'>initium</span> <span class='ocrx_word' id='word_1_246' title='bbox 869 2625 954 2682; x_wconf 84' lang='lat' dir='ltr'>ortus</span> <span class='ocrx_word' id='word_1_247' title='bbox 982 2624 1012 2680; x_wconf 91' lang='lat' dir='ltr'>et</span> <span class='ocrx_word' id='word_1_248' title='bbox 1044 2640 1107 2681; x_wconf 81' lang='lat' dir='ltr'>coe·</span> 
     </span>
     <span class='ocr_line' id='line_1_29' title="bbox 86 2711 1107 2792; baseline -0.001 -20"><span class='ocrx_word' id='word_1_249' title='bbox 86 2713 253 2792; x_wconf 64' lang='lat' dir='ltr'>putationis</span> <span class='ocrx_word' id='word_1_250' title='bbox 287 2714 435 2790; x_wconf 87' lang='lat' dir='ltr'>cuiusque</span> <span class='ocrx_word' id='word_1_251' title='bbox 473 2713 608 2775; x_wconf 90' lang='lat' dir='ltr'>hominis.</span> <span class='ocrx_word' id='word_1_252' title='bbox 664 2713 700 2772; x_wconf 92' lang='lat' dir='ltr'>In</span> <span class='ocrx_word' id='word_1_253' title='bbox 730 2712 849 2773; x_wconf 90' lang='lat' dir='ltr'>homine</span> <span class='ocrx_word' id='word_1_254' title='bbox 881 2713 925 2770; x_wconf 90' lang='lat' dir='ltr'>est</span> <span class='ocrx_word' id='word_1_255' title='bbox 958 2711 1107 2788; x_wconf 83' lang='lat' dir='ltr'>voluntas,</span> 
     </span>
     <span class='ocr_line' id='line_1_30' title="bbox 85 2800 1107 2879; baseline -0.004 -15"><span class='ocrx_word' id='word_1_256' title='bbox 85 2802 297 2879; x_wconf 85' lang='lat' dir='ltr'>consideratio,</span> <span class='ocrx_word' id='word_1_257' title='bbox 329 2805 462 2879; x_wconf 86' lang='lat' dir='ltr'>potestas</span> <span class='ocrx_word' id='word_1_258' title='bbox 494 2804 524 2862; x_wconf 89' lang='lat' dir='ltr'>et</span> <span class='ocrx_word' id='word_1_259' title='bbox 559 2821 722 2866; x_wconf 87' lang='lat' dir='ltr'>consensus.</span> <span class='ocrx_word' id='word_1_260' title='bbox 768 2802 916 2861; x_wconf 84' lang='lat' dir='ltr'>Voluntas</span> <span class='ocrx_word' id='word_1_261' title='bbox 949 2800 1107 2877; x_wconf 82' lang='lat' dir='ltr'>praecedit,</span> 
     </span>
     <span class='ocr_line' id='line_1_31' title="bbox 86 2890 1149 2970; baseline -0.002 -19"><span class='ocrx_word' id='word_1_262' title='bbox 86 2891 164 2970; x_wconf 86' lang='lat' dir='ltr'>quia</span> <span class='ocrx_word' id='word_1_263' title='bbox 185 2893 312 2970; x_wconf 87' lang='lat' dir='ltr'>quisque</span> <span class='ocrx_word' id='word_1_264' title='bbox 334 2893 423 2952; x_wconf 89' lang='lat' dir='ltr'>homo</span> <span class='ocrx_word' id='word_1_265' title='bbox 446 2892 634 2951; x_wconf 88' lang='lat' dir='ltr'>voluntatem</span> <span class='ocrx_word' id='word_1_266' title='bbox 647 2892 738 2951; x_wconf 84' lang='lat' dir='ltr'>hebet</span> <span class='ocrx_word' id='word_1_267' title='bbox 757 2891 834 2950; x_wconf 92' lang='lat' dir='ltr'>illud</span> <span class='ocrx_word' id='word_1_268' title='bbox 849 2891 898 2951; x_wconf 85' lang='lat' dir='ltr'>vel</span> <span class='ocrx_word' id='word_1_269' title='bbox 913 2890 989 2949; x_wconf 89' lang='lat' dir='ltr'>illud</span> <span class='ocrx_word' id='word_1_270' title='bbox 1004 2891 1106 2952; x_wconf 91' lang='lat' dir='ltr'>facere.</span> <span class='ocrx_word' id='word_1_271' title='bbox 1120 2896 1149 2942; x_wconf 79' lang='lat'>³0</span> 
     </span>
    </p>
   </div>
   <div class='ocr_carea' id='block_1_3' title="bbox 85 2980 1149 3594">
    <p class='ocr_par' dir='ltr' id='par_1_6' title="bbox 85 2980 1149 3594">
     <span class='ocr_line' id='line_1_32' title="bbox 85 2980 1108 3061; baseline -0.003 -20"><span class='ocrx_word' id='word_1_272' title='bbox 85 2983 129 3042; x_wconf 79' lang='lat' dir='ltr'>Et</span> <span class='ocrx_word' id='word_1_273' title='bbox 152 2981 347 3041; x_wconf 75' lang='lat' dir='ltr'>consideratio</span> <span class='ocrx_word' id='word_1_274' title='bbox 374 2982 512 3058; x_wconf 90' lang='lat' dir='ltr'>sequitur</span> <span class='ocrx_word' id='word_1_275' title='bbox 539 2984 569 3040; x_wconf 88' lang='lat' dir='ltr'>et</span> <span class='ocrx_word' id='word_1_276' title='bbox 597 2982 716 3061; x_wconf 82' lang='lat' dir='ltr'>aspicit,</span> <span class='ocrx_word' id='word_1_277' title='bbox 745 2984 849 3040; x_wconf 90' lang='lat' dir='ltr'>utrum</span> <span class='ocrx_word' id='word_1_278' title='bbox 876 2998 966 3040; x_wconf 81' lang='lat' dir='ltr'>ceusu</span> <span class='ocrx_word' id='word_1_279' title='bbox 992 2980 1108 3040; x_wconf 80' lang='lat' dir='ltr'>illusit</span> 
     </span>
     <span class='ocr_line' id='line_1_33' title="bbox 87 3069 1107 3147; baseline -0.004 -16"><span class='ocrx_word' id='word_1_280' title='bbox 87 3071 264 3131; x_wconf 88' lang='lat' dir='ltr'>conveniens</span> <span class='ocrx_word' id='word_1_281' title='bbox 291 3075 346 3130; x_wconf 87' lang='lat' dir='ltr'>eut</span> <span class='ocrx_word' id='word_1_282' title='bbox 372 3070 591 3147; x_wconf 83' lang='lat' dir='ltr'>inconveniens,</span> <span class='ocrx_word' id='word_1_283' title='bbox 624 3071 724 3131; x_wconf 82' lang='lat' dir='ltr'>sobria</span> <span class='ocrx_word' id='word_1_284' title='bbox 751 3090 789 3128; x_wconf 85' lang='lat' dir='ltr'>an</span> <span class='ocrx_word' id='word_1_285' title='bbox 815 3069 977 3146; x_wconf 89' lang='lat' dir='ltr'>impudica.</span> <span class='ocrx_word' id='word_1_286' title='bbox 1022 3069 1107 3127; x_wconf 86' lang='lat' dir='ltr'>Tunc</span> 
     </span>
     <span class='ocr_line' id='line_1_34' title="bbox 85 3157 1107 3237; baseline -0.004 -17"><span class='ocrx_word' id='word_1_287' title='bbox 85 3162 219 3237; x_wconf 80' lang='lat' dir='ltr'>potestas</span> <span class='ocrx_word' id='word_1_288' title='bbox 241 3161 390 3237; x_wconf 84' lang='lat' dir='ltr'>sequitur,</span> <span class='ocrx_word' id='word_1_289' title='bbox 424 3179 501 3236; x_wconf 87' lang='lat' dir='ltr'>quee</span> <span class='ocrx_word' id='word_1_290' title='bbox 528 3160 604 3237; x_wconf 84' lang='lat' dir='ltr'>opu&#39;s</span> <span class='ocrx_word' id='word_1_291' title='bbox 626 3159 796 3237; x_wconf 85' lang='lat' dir='ltr'>perficiendi</span> <span class='ocrx_word' id='word_1_292' title='bbox 823 3159 855 3218; x_wconf 89' lang='lat' dir='ltr'>in</span> <span class='ocrx_word' id='word_1_293' title='bbox 883 3177 913 3218; x_wconf 87' lang='lat' dir='ltr'>se</span> <span class='ocrx_word' id='word_1_294' title='bbox 936 3157 1038 3234; x_wconf 88' lang='lat' dir='ltr'>habet,</span> <span class='ocrx_word' id='word_1_295' title='bbox 1070 3161 1107 3216; x_wconf 91' lang='lat' dir='ltr'>ut</span> 
     </span>
     <span class='ocr_line' id='line_1_35' title="bbox 86 3248 1105 3327; baseline -0.005 -18"><span class='ocrx_word' id='word_1_296' title='bbox 86 3249 168 3309; x_wconf 89' lang='lat' dir='ltr'>illud</span> <span class='ocrx_word' id='word_1_297' title='bbox 198 3250 340 3327; x_wconf 79' lang='lat' dir='ltr'>perficiat</span> <span class='ocrx_word' id='word_1_298' title='bbox 390 3249 430 3309; x_wconf 79' lang='lat' dir='ltr'>Et</span> <span class='ocrx_word' id='word_1_299' title='bbox 461 3267 617 3310; x_wconf 86' lang='lat' dir='ltr'>consensus</span> <span class='ocrx_word' id='word_1_300' title='bbox 649 3249 800 3325; x_wconf 86' lang='lat' dir='ltr'>sequitur,</span> <span class='ocrx_word' id='word_1_301' title='bbox 835 3248 907 3325; x_wconf 89' lang='lat' dir='ltr'>quia</span> <span class='ocrx_word' id='word_1_302' title='bbox 940 3265 1014 3323; x_wconf 90' lang='lat' dir='ltr'>opus</span> <span class='ocrx_word' id='word_1_303' title='bbox 1045 3265 1105 3305; x_wconf 90' lang='lat' dir='ltr'>non</span> 
     </span>
     <span class='ocr_line' id='line_1_36' title="bbox 86 3335 1149 3416; baseline -0.008 -18"><span class='ocrx_word' id='word_1_304' title='bbox 86 3340 188 3415; x_wconf 86' lang='lat' dir='ltr'>potest</span> <span class='ocrx_word' id='word_1_305' title='bbox 209 3338 320 3416; x_wconf 88' lang='lat' dir='ltr'>perfici,</span> <span class='ocrx_word' id='word_1_306' title='bbox 344 3339 417 3416; x_wconf 91' lang='lat' dir='ltr'>quin</span> <span class='ocrx_word' id='word_1_307' title='bbox 440 3357 597 3400; x_wconf 86' lang='lat' dir='ltr'>consensus</span> <span class='ocrx_word' id='word_1_308' title='bbox 619 3338 729 3410; x_wconf 86' lang='lat' dir='ltr'>laudet,</span> <span class='ocrx_word' id='word_1_309' title='bbox 752 3341 788 3397; x_wconf 87' lang='lat' dir='ltr'>ut</span> <span class='ocrx_word' id='word_1_310' title='bbox 811 3336 981 3397; x_wconf 88' lang='lat' dir='ltr'>consentiat.</span> <span class='ocrx_word' id='word_1_311' title='bbox 1025 3335 1104 3394; x_wconf 88' lang='lat' dir='ltr'>Istae</span> <span class='ocrx_word' id='word_1_312' title='bbox 1118 3341 1149 3388; x_wconf 77' lang='lat'>³5</span> 
     </span>
     <span class='ocr_line' id='line_1_37' title="bbox 87 3425 1105 3504; baseline -0.005 -17"><span class='ocrx_word' id='word_1_313' title='bbox 87 3430 223 3504; x_wconf 77' lang='lat' dir='ltr'>quatuor</span> <span class='ocrx_word' id='word_1_314' title='bbox 243 3429 322 3490; x_wconf 81' lang='lat' dir='ltr'>vires</span> <span class='ocrx_word' id='word_1_315' title='bbox 344 3431 415 3488; x_wconf 87' lang='lat' dir='ltr'>sunt</span> <span class='ocrx_word' id='word_1_316' title='bbox 436 3428 469 3487; x_wconf 89' lang='lat' dir='ltr'>in</span> <span class='ocrx_word' id='word_1_317' title='bbox 489 3432 560 3488; x_wconf 88' lang='lat' dir='ltr'>ortu</span> <span class='ocrx_word' id='word_1_318' title='bbox 587 3427 724 3487; x_wconf 89' lang='lat' dir='ltr'>hominis.</span> <span class='ocrx_word' id='word_1_319' title='bbox 771 3427 854 3485; x_wconf 82' lang='lat' dir='ltr'>Tunc</span> <span class='ocrx_word' id='word_1_320' title='bbox 884 3427 1016 3503; x_wconf 82' lang='lat' dir='ltr'>quatuor</span> <span class='ocrx_word' id='word_1_321' title='bbox 1048 3425 1105 3484; x_wconf 86' lang='lat' dir='ltr'>ele·</span> 
     </span>
     <span class='ocr_line' id='line_1_38' title="bbox 86 3515 1131 3594; baseline -0.005 -18"><span class='ocrx_word' id='word_1_322' title='bbox 86 3520 202 3591; x_wconf 84' lang='lat' dir='ltr'>mente,</span> <span class='ocrx_word' id='word_1_323' title='bbox 235 3536 311 3594; x_wconf 86' lang='lat' dir='ltr'>quae</span> <span class='ocrx_word' id='word_1_324' title='bbox 334 3520 465 3594; x_wconf 86' lang='lat' dir='ltr'>quatuor</span> <span class='ocrx_word' id='word_1_325' title='bbox 492 3518 633 3581; x_wconf 89' lang='lat' dir='ltr'>humores</span> <span class='ocrx_word' id='word_1_326' title='bbox 660 3518 695 3580; x_wconf 93' lang='lat' dir='ltr'>iu</span> <span class='ocrx_word' id='word_1_327' title='bbox 719 3516 847 3580; x_wconf 83' lang='lat' dir='ltr'>homine</span> <span class='ocrx_word' id='word_1_328' title='bbox 873 3515 1025 3587; x_wconf 63' lang='lat' dir='ltr'>exertant,</span> <span class='ocrx_word' id='word_1_329' title='bbox 1053 3531 1131 3571; x_wconf 76' lang='lat' dir='ltr'>curu</span> 
     </span>
    </p>
   </div>
   <div class='ocr_carea' id='block_1_4' title="bbox 0 0 1238 3862">
    <p class='ocr_par' dir='ltr' id='par_1_7' title="bbox 0 0 1238 3862">
     <span class='ocr_line' id='line_1_39' title="bbox 0 0 1238 3862; baseline 0 0"><span class='ocrx_word' id='word_1_330' title='bbox 0 0 1238 3862; x_wconf 95' lang='lat' dir='ltr'> </span> 
     </span>
    </p>
   </div>
  </div>
 </body>
</html>
