2460 3862
352 125 493 182 CAUSAI‘}
511 124 558 180 ΕΤ
577 124 699 182 GURAE
717 126 785 181 LIB.
804 126 839 180 Π.
1060 130 1102 189 43

84 317 125 375 Et
148 335 200 375 cor
232 314 447 391 proprietatem
478 313 616 372 scientiae
644 313 748 390 habet,
780 314 863 372 iecur
890 312 1105 389 proprietatem

83 405 279 476 sensibilatis,
312 403 415 480 pulmo
447 403 660 479 proprietatem
684 403 751 463 folii
779 406 848 478 (et)
876 402 991 462 itineris
1014 401 1105 460 ratio·

83 494 259 566 nobilitatis,
283 511 315 553 os
338 492 411 552 tuba
432 511 544 564 eorum,
566 510 642 567 quae
657 493 745 552 homo
760 493 884 568 profert,
907 495 937 551 et
952 494 1106 566 susceptor

85 583 255 644 refectionis
271 582 403 658 corporis
419 585 463 642 est
479 584 625 641 atrocem
640 581 765 658 profert,
788 582 839 641 sed
855 600 957 641 vocem
979 599 1038 640 non
1059 599 1105 639 ex·

84 674 173 750 cipit3
202 672 282 732 auris
305 675 406 732 autern
428 690 531 731 rocem
554 672 672 746 excipit,
701 671 752 732 sed
774 690 876 731 vocem
899 690 959 730 non
982 670 1133 746 proferas

152 763 201 822 De
224 762 359 822 ocrim
408 761 448 819 Et
478 761 554 819 duae
587 779 672 820 aures
704 761 788 820 velut
821 760 896 819 duae
929 761 992 818 alae
1027 762 1106 830 sunt,

85 870 165 929 quae
196 869 297 910 omnes
325 869 411 910 sonos
438 867 546 909 vocum
573 849 721 910 inducunt
748 852 778 909 et
805 850 948 924 educunt,
980 851 1016 907 ut
1042 849 1106 906 alae

87 941 228 1002 volucres
252 940 284 998 in
308 959 374 999 aere
396 939 506 1002 ferunt.

156 1030 202 1089 Dc
225 1029 318 1088 oculis
341 1033 368 1088 et
388 1029 525 1090 acribus.
571 1027 658 1088 Oculi
685 1047 804 1105 quoque
826 1026 893 1087 viae
920 1026 1049 1086 hominis
1076 1030 1107 1085 et

85 1137 174 1178 nares
214 1118 358 1194 sapientia
395 1119 458 1176 eius
497 1120 575 1177 sunt.
631 1118 671 1177 Et
710 1118 752 1177 sic
792 1117 881 1176 etiam
919 1134 973 1191 per
1011 1119 1107 1175 cetera
1122 1123 1148 1167 10

86 1207 226 1267 membra
247 1207 344 1267 factus
365 1209 410 1266 est
431 1206 528 1267 homo.

159 1297 243 1370 Quod
265 1299 300 1356 io
321 1297 440 1356 homine
462 1300 534 1356 sum
556 1297 708 1358 elemento.
741 1294 827 1355 Nunc
842 1297 951 1366 autem,
974 1297 1010 1353 ut
1024 1313 1107 1370 prae·

84 1387 185 1445 fatum
208 1389 261 1463 est,
293 1385 450 1462 elementa,
485 1384 622 1445 videlicet
644 1385 730 1463 ignis,
763 1404 820 1461 aer,
853 1388 945 1457 terra,
978 1403 1054 1460 aqua
1077 1384 1108 1442 in

85 1476 205 1536 homine
237 1480 308 1535 sunt
339 1479 370 1536 et
398 1473 513 1536 viribus
552 1475 614 1535 suis
652 1475 684 1533 in
717 1475 771 1534 illo
808 1475 969 1549 operantur
1003 1492 1037 1532 ac
1074 1474 1106 1531 in

86 1564 228 1641 operibus
249 1565 332 1624 illius
354 1565 433 1624 siout
459 1567 527 1624 rota
551 1583 618 1624 oum
646 1564 766 1623 flexuris
794 1563 855 1622 suis
881 1562 1023 1622 velociter
1051 1562 1148 1621 cir-15

87 1656 208 1714 cueunt.
261 1652 338 1712 Nam
367 1654 446 1730 ignis
478 1673 546 1712 cum
579 1654 710 1730 quinque
737 1651 967 1728 praenominatis
993 1646 1108 1712 viribus

87 1744 150 1803 suis
173 1743 205 1801 in
227 1744 346 1803 cerebro
369 1747 400 1803 et
423 1743 454 1802 in
475 1742 615 1802 medullis
637 1743 766 1801 hominis
790 1745 843 1818 est,
867 1741 1017 1818 quoniam,
1041 1760 1108 1800 cum

87 1833 205 1909 primus
227 1832 316 1892 homo
340 1832 376 1892 de
400 1832 472 1890 limo
496 1835 630 1892 mutatus
653 1835 710 1904 est,
738 1833 865 1891 rutilans
892 1831 969 1908 ignis
991 1831 1023 1888 in
1045 1849 1108 1889 san·

88 1922 182 1998 guine
206 1922 269 1981 eius
297 1941 332 1980 ex
360 1922 536 1982 fortitudine
565 1921 613 1980 dei
641 1922 775 1996 ardebat,
807 1924 844 1980 ut
870 1921 961 1979 etiam
988 1920 1109 1996 sanguis

88 2010 189 2072 rubet.
233 2011 274 2071 lit
295 2011 374 2087 ignis
397 2011 533 2071 ardorem
554 2011 586 2069 in
609 2009 684 2086 usu,
711 2010 895 2088 geliditatem
918 2009 950 2067 in
973 2009 1107 2084 odoratu,
1121 2017 1150 2062 20

88 2100 247 2159 humorem
270 2101 302 2159 in
325 2104 426 2178 gustu,
451 2120 548 2160 aerem
565 2100 595 2158 in
611 2099 725 2172 auditu,
748 2102 779 2158 et
800 2100 962 2159 motionem
976 2099 1008 2156 in
1025 2101 1109 2157 tactu

89 2189 220 2248 hominis
254 2190 465 2250 demonstrant.
510 2191 571 2248 Aer
601 2192 702 2248 autem
733 2207 802 2247 oum
834 2192 964 2264 quatuor
994 2187 1109 2247 viribus

89 2279 165 2353 suis,
202 2280 239 2338 ut
276 2280 462 2355 praedictum
496 2283 549 2350 est,
583 2279 614 2336 in
648 2278 809 2354 spiramine
848 2281 878 2336 et
907 2276 1109 2336 rationalitate

88 2367 218 2427 hominis
248 2372 301 2429 est.
355 2368 423 2443 Ipse
457 2368 534 2427 enim
561 2367 674 2426 viventi
698 2367 870 2442 spiramine,
903 2366 984 2441 quod
1012 2365 1110 2423 anima

89 2460 143 2529 est,
166 2457 198 2514 in
220 2456 340 2516 homine
362 2457 521 2535 ministrat,
546 2457 627 2532 quod
650 2476 718 2516 eum
740 2458 849 2533 portat,
873 2473 907 2513 ao
930 2455 976 2512 ala
991 2454 1150 2514 volatusao

89 2547 153 2605 eius
186 2549 244 2622 est,
277 2547 331 2606 ubi
357 2546 447 2606 homo
479 2546 627 2623 spiramen
653 2547 684 2604 in
720 2565 750 2604 se
793 2544 909 2603 inducit
939 2547 970 2602 et
1000 2542 1109 2619 educit,

88 2639 125 2695 ut
148 2635 249 2694 vivere
272 2636 373 2712 possit.
419 2636 460 2695 Et
482 2636 580 2694 anima
602 2635 681 2712 ignis
709 2637 765 2710 est,
799 2635 852 2710 qui
879 2635 980 2692 totum
1002 2650 1109 2708 corpus

88 2727 226 2800 penetrat
249 2728 279 2783 et
293 2725 442 2784 hominem
463 2725 603 2785 vivificat.
641 2724 703 2783 Aer
717 2742 836 2800 quoque
852 2723 952 2799 ignem
968 2722 1108 2797 accendit,

88 2818 120 2873 et
141 2814 220 2890 ignis
242 2833 296 2889 per
319 2833 415 2874 aerem
445 2814 477 2872 in
509 2813 646 2873 omnibus
674 2813 767 2873 ardet.
813 2812 875 2871 Aer
898 2812 989 2871 etiam
1011 2830 1109 2870 rorem

88 2905 120 2962 in
144 2903 313 2979 emissione,
337 2903 521 2963 viriditatem
544 2904 576 2960 in
592 2903 778 2977 excitatione,
801 2903 907 2961 flatum
921 2901 954 2961 in
969 2901 1108 2971 motione,
1123 2911 1150 2956 30

90 2993 222 3052 calorem
254 2993 286 3051 in
317 2992 489 3052 dilatatione
520 2992 649 3051 hominis
677 2991 815 3051 ostendit.
862 2990 918 3050 Sed
942 3010 1019 3067 aqua
1042 3009 1110 3049 oum

89 3081 259 3158 quindecim
274 3080 389 3141 viribus
404 3081 474 3156 suis,
498 3101 574 3158 quae
589 3082 829 3158 praenominatae
840 3083 918 3156 sunt,
939 3080 971 3138 in
986 3080 1110 3138 humore

89 3174 120 3231 et
142 3171 176 3230 in
199 3173 341 3248 sanguine
364 3171 492 3231 hominis
516 3174 569 3230 est.

157 3261 203 3319 Dc
225 3262 383 3336 sanquine.
428 3259 517 3337 Aqua
541 3260 674 3318 enimin
703 3259 821 3319 homine
852 3262 909 3330 est,
943 3275 1011 3316 cum
1042 3273 1109 3314 san·

89 3350 158 3427 guis
185 3349 218 3407 in
246 3368 279 3409 eo
309 3369 369 3410 non
397 3350 485 3410 deest.
530 3349 570 3408 Et
596 3349 669 3408 haec
696 3348 905 3407 humiditatem
932 3347 964 3404 in
991 3345 1150 3403 hominess

88 3439 170 3512 facit,
203 3438 246 3497 ita
277 3440 359 3516 quod
389 3439 478 3498 etiam
501 3439 637 3498 viriditas
668 3439 700 3497 in
728 3457 761 3497 eo
785 3437 876 3515 viget·
891 3438 922 3494 et
944 3433 1026 3511 quod
1047 3451 1110 3491 cca-

89 3529 207 3606 gulatio
231 3528 341 3589 ossium
363 3529 394 3588 in
410 3547 444 3590 eo
458 3528 615 3607 perdurat.
661 3529 710 3593 De
725 3525 902 3610 frigiditate
917 3526 1139 3586 autemuanae
