2460 3862
170 154 191 214 4
548 145 794 202 HILDEGARDIS

237 333 283 393 Dc
302 332 431 408 sulpure.
475 332 515 391 Et
541 330 655 391 modice
687 332 913 390 submurmurat
947 334 976 390 et
1010 332 1052 391 sic
1086 336 1188 405 cessat,

170 421 253 481 velut
275 421 378 498 home,
411 420 463 497 qui
493 419 644 480 interdum
673 421 705 478 in
733 421 810 479 iram
833 423 934 481 motus
962 440 1026 480 cam
1054 420 1092 479 ad
1120 440 1187 498 per-

169 512 282 571 fectum
304 529 363 570 non
387 510 470 570 ducit
492 509 543 570 sed
566 509 785 587 comprimendo
809 509 978 587 compescit.
1016 509 1188 585 Aliquando

171 604 271 661 autem
299 600 335 659 de
363 599 454 659 nimio
483 598 588 659 ardore
618 599 688 659 solis
718 599 796 676 ignis
823 599 954 660 tonitrui
986 602 1189 661 commovetur

143 693 201 750 set
231 690 263 748 in
291 709 430 766 magnam
460 688 687 749 commotionem
719 687 854 765 ducitur,
892 689 936 748 ita
967 690 1004 746 ut
1035 689 1126 749 fortia
1159 690 1189 748 et

169 778 336 856 periculosa
358 779 482 856 fulgura
505 778 623 837 emittat
646 779 676 837 ct
690 795 800 839 nocem
824 796 909 837 suam
931 777 1050 837 fortiter
1068 778 1187 851 exaltet,

170 869 255 928 velut
280 868 381 940 homo,
410 868 463 944 qui
490 867 609 927 fortiter
637 867 668 926 in
694 866 771 925 iram
798 870 897 926 motus
924 887 988 926 eam
1017 867 1187 941 periculoso

171 976 260 1033 opere
286 957 413 1033 perficit.
464 956 504 1015 Et
534 959 606 1017 tunc
635 957 727 1016 etiam
757 956 909 1015 interdum
940 955 1076 1031 superior
1107 956 1188 1033 ignis

169 1046 297 1106 tonitrui
320 1047 356 1106 ab
379 1047 449 1123 igne
471 1046 544 1106 solis
566 1046 662 1106 tactus
685 1045 790 1122 frigus,
814 1045 896 1120 quod
917 1045 949 1103 in
971 1045 1105 1104 tonitruo
1130 1049 1183 1121 est,

130 1144 157 1189 10
170 1136 201 1194 in
234 1155 329 1195 unum
362 1136 463 1196 locum
498 1135 658 1196 coadunari
695 1134 780 1207 facit,
820 1133 1071 1210 quemadmodum
1105 1153 1184 1210 aqua

170 1226 296 1302 glaciem
318 1226 351 1283 in
371 1243 467 1284 unum
489 1225 590 1284 locum
613 1225 782 1302 congregat,
810 1227 840 1283 et
867 1223 964 1301 frigus
991 1223 1069 1282 illud
1099 1242 1184 1301 gran·

170 1315 269 1374 dinem
297 1315 334 1374 ad
361 1314 454 1374 nubes
482 1313 573 1390 ducit,
602 1317 633 1373 et
658 1313 752 1373 nubes
784 1331 848 1372 eam
874 1312 1040 1388 suscipiunt
1068 1316 1099 1372 et
1126 1313 1184 1372 dis·

168 1408 299 1482 pergunt
321 1406 352 1463 et
373 1403 412 1462 ad
433 1405 545 1462 terram
567 1403 716 1462 emittunt.

211 1494 280 1553 ⁴De
301 1493 460 1567 praedico.
504 1489 580 1551 Nam
602 1492 715 1570 grando
739 1493 784 1550 est
805 1491 889 1552 velut
916 1492 1025 1551 oculus
1047 1491 1186 1553 tonitrui.

26 1618 29 1625 ι
129 1588 155 1634 15
168 1581 226 1641 Sed
248 1602 316 1642 cum
346 1582 391 1641 sol
418 1582 449 1640 in
477 1581 618 1642 descensu
644 1581 675 1639 in
703 1580 798 1639 hicme
827 1583 880 1656 est,
908 1581 1008 1658 ignem
1036 1598 1125 1640 suum
1148 1579 1187 1638 ad

169 1671 358 1730 altitudinem
381 1671 455 1730 caeli
476 1689 537 1729 non
559 1670 737 1731 transmittit
760 1672 790 1728 et
804 1669 900 1747 magis
923 1670 981 1729 sub
998 1672 1079 1728 terra
1095 1688 1187 1745 quam

169 1779 260 1836 supra
282 1764 393 1820 terram
416 1759 502 1819 ardet
525 1763 556 1819 et
578 1762 650 1818 tunc
672 1760 704 1817 in
727 1758 885 1818 altitudine
908 1759 981 1818 caeli
1004 1777 1064 1817 non
1080 1758 1186 1818 fervet.

235 1849 280 1910 Dc
310 1850 387 1910 cicc.
436 1848 522 1908 Unde
553 1868 658 1925 aquae,
698 1866 773 1923 quae
802 1848 834 1907 in
864 1847 1069 1924 superioribus
1105 1851 1185 1923 sunt,

168 1939 253 1998 velut
274 1939 397 2014 pulvere
420 1956 554 2014 aspersae
577 1937 749 2013 defrigere
772 1936 849 1996 fiunt
872 1941 902 1997 et
921 1938 1020 1997 nivem
1035 1937 1187 2000 emittunt.

128 2036 156 2080 2⁰
235 2027 283 2087 Dc
313 2029 428 2101 plocio.
477 2027 534 2086 Sed
562 2045 630 2086 cum
656 2029 761 2102 postea
787 2027 819 2085 in
845 2027 943 2085 calore
971 2044 1075 2087 suaves
1107 2028 1186 2102 sunt,

170 2117 304 2193 pluviam
338 2116 492 2192 emittunt,
531 2118 561 2176 ct
600 2134 670 2176 cum
707 2115 752 2174 sol
788 2115 940 2175 interdum
974 2134 1027 2174 nec
1059 2115 1188 2174 nimium

170 2207 298 2266 calorem
320 2224 374 2264 noc
395 2206 522 2264 nimium
544 2194 643 2284 frigus
666 2204 805 2280 ostendit,
828 2207 901 2264 tunc
924 2205 1014 2264 etiam
1035 2204 1188 2263 interdum

169 2313 292 2356 suavem
313 2296 448 2371 pluviam
470 2295 590 2371 emittit,
623 2293 876 2371 quemadmodum
898 2294 1008 2369 homo,
1034 2311 1101 2352 cum
1131 2293 1187 2350 ali-

170 2384 288 2460 quando
311 2386 407 2445 laetus
430 2388 483 2460 est,
506 2385 643 2444 lacrimas
667 2384 842 2443 multotiens
862 2401 936 2459 prae
951 2382 1061 2460 gaudio
1077 2382 1187 2442 fundit.

131 2481 159 2526 25
238 2476 286 2535 Dc
315 2476 419 2537 ccctis.
474 2474 609 2544 Quattuor
636 2474 728 2532 etiam
756 2473 917 2532 cardinales
939 2472 1021 2532 venti
1046 2470 1101 2531 sub
1126 2472 1188 2530 sole

169 2567 200 2623 et
226 2582 316 2638 super
342 2564 434 2623 solem
461 2562 644 2622 firmamento
678 2564 782 2622 assunt
811 2565 841 2621 et
867 2563 945 2621 illud
972 2561 1125 2621 continent
1154 2578 1188 2619 ac

169 2656 268 2712 totum
284 2652 393 2725 orbem,
410 2652 522 2712 scilicet
537 2653 573 2711 dc
588 2651 722 2710 inferiori
737 2653 822 2728 parte
837 2671 931 2728 usque
947 2651 985 2709 ad
1000 2650 1187 2725 superiorem

169 2744 284 2815 partem
298 2741 485 2816 firmamenti,
508 2741 587 2801 sicut
601 2760 670 2800 cum
684 2740 777 2815 pallio
793 2740 987 2801 circumdant.
1026 2737 1187 2798 Orientalis

169 2830 247 2888 enim
277 2833 383 2890 ventus
415 2849 512 2890 aerem
544 2830 753 2906 complectitur
785 2832 815 2889 et
845 2829 1055 2890 suavissimum
1088 2845 1187 2886 rorem

129 2926 158 2972 to
171 2937 259 2993 super
292 2918 374 2977 arida
410 2919 514 2979 mittit.
566 2919 682 2979 Ventus
715 2918 793 2977 enim
829 2917 988 2978 occidentis
1022 2916 1186 2975 fluentibus

168 3008 297 3066 nubibus
330 3026 360 3067 se
387 3007 539 3084 admiscet,
572 3011 609 3068 ut
636 3027 728 3084 aquas
763 3009 918 3083 sustineat,
950 3026 986 3066 nc
1019 3008 1188 3081 erumpant.

168 3097 317 3157 Australis
340 3116 410 3158 vero
434 3101 539 3158 ventus
562 3099 663 3174 ignem
690 3098 721 3154 in
750 3097 975 3174 magistratione
999 3114 1053 3155 sua
1076 3095 1188 3154 retinet

169 3190 199 3246 et
228 3206 296 3245 eum
329 3187 481 3262 prohibet,
514 3205 551 3245 nc
585 3187 684 3246 omnia
711 3186 876 3246 comburat.
923 3184 1039 3244 Ventus
1067 3203 1186 3260 quoque

169 3275 407 3351 septentrionalis
430 3276 588 3335 exteriores
611 3275 748 3335 tenebras
763 3275 880 3350 retinet,
907 3294 944 3334 nc
959 3274 1082 3335 modum
1097 3292 1188 3332 suum

127 3371 156 3418 35
169 3365 317 3424 excedant.
351 3365 405 3425 Isti
428 3365 659 3441 quatuorcenti
679 3365 743 3423 alae
765 3365 916 3440 potentiae
941 3363 989 3422 dei
1011 3366 1088 3425 sunt.
1129 3361 1188 3431 Qui

169 3473 235 3512 cum
258 3455 349 3514 simul
363 3455 572 3531 movebuntur,
596 3455 695 3514 omnia
711 3454 854 3513 elementa
869 3452 1091 3529 complicabunt
1105 3454 1136 3510 et
1157 3469 1188 3510 sc

165 3543 304 3601 m'rident
324 3563 360 3603 ac
380 3563 463 3604 mare
487 3544 658 3606 concutient
681 3546 712 3603 et
739 3562 840 3604 omnes
864 3561 956 3619 aquas
984 3540 1183 3602 exsiccabunt.
