2460 3862
366 139 508 195 causas
525 112 571 194 u'r
590 139 713 195 cuasa
731 139 799 194 ms.
820 139 854 193 u.
1054 144 1115 204 101

101 323 158 400 qui
173 323 297 400 stirpem
312 324 348 383 ad
364 323 572 383 fortitudinem
587 343 672 383 suam
689 323 786 400 erigit.
817 323 862 381 Ed
878 322 945 383 ideo
962 322 999 382 ad
1019 343 1118 383 exara·

100 414 216 472 tionem
225 412 352 472 feminae
360 413 445 472 velut
455 416 551 473 terrae
561 413 662 472 eadem
674 413 764 488 stirps
776 412 851 489 erigi
862 431 921 472 non
933 416 1041 489 potest,
1048 413 1120 489 quia

100 506 193 562 vento
215 502 327 561 virium
348 520 471 561 suarum
485 507 611 563 vacuata
626 504 679 577 est,
703 502 756 578 qui
779 520 843 560 earn
867 501 904 560 ad
926 503 985 561 iter
1007 502 1118 578 produ·

100 590 210 650 cendae
225 591 319 666 prolis
335 591 501 651 confortare
518 590 651 666 debebat,
676 590 926 666 quemadmodum
948 591 1039 650 etiam
1054 611 1117 650 ara·

100 684 186 739 trum
200 681 310 738 terram
325 679 427 739 fodere
441 699 502 740 non
527 681 616 751 valet,
637 679 718 756 quod
734 679 813 738 ferro
830 679 1010 739 exarationis
1026 684 1142 745 careus

170 770 216 829 Dc
237 767 334 831 toarci
354 770 518 842 inflatione.
565 768 670 828 Virilis
703 769 781 827 enim
812 768 958 829 fortitudo
987 769 1018 827 in
1046 771 1117 829 viri·

101 858 182 918 libus
205 878 312 934 magna
341 861 398 934 est,
433 858 484 917 sed
509 858 659 917 interdum
688 860 741 916 aut
768 857 803 916 de
830 857 916 916 malis
942 857 1119 918 humoribus

101 950 156 1006 aut
170 946 321 1007 interdum
340 947 376 1006 de
400 948 488 1007 noxio
505 947 612 1007 sudore
628 949 681 1005 aut
695 947 845 1006 interdum
861 947 897 1006 de
913 948 1118 1023 superfluitate

101 1036 307 1096 delectationis
334 1036 365 1095 in
394 1036 532 1096 virilibus
560 1037 705 1113 quaedam
731 1036 853 1113 indigna
880 1036 1043 1096 humiditas
1067 1041 1120 1097 aut

101 1126 190 1185 ulcus
206 1129 259 1184 aut
272 1125 385 1185 inflatio
401 1125 541 1203 insurgit,
566 1127 609 1184 ita
625 1125 707 1201 quod
730 1125 832 1184 eadem
855 1125 954 1184 virilia
976 1126 1117 1185 inflantur
1133 1134 1161 1179 10

102 1219 132 1274 et
155 1214 241 1273 malis
263 1214 413 1275 ulceribus
435 1215 604 1274 laeduntur.
682 1209 692 1227 ⁸

172 1305 219 1364 Dc
243 1305 387 1365 discorda.
434 1303 533 1364 Homo
556 1309 665 1377 autem,
698 1304 751 1379 qui
773 1304 891 1363 urinam
913 1305 1039 1364 retinere
1061 1323 1120 1363 non

103 1395 213 1469 potest,
235 1393 282 1451 illi
302 1393 470 1452 stomachus
491 1393 621 1470 frigidus
643 1395 688 1451 est
710 1395 741 1451 et
762 1394 866 1470 vesica,
889 1397 920 1452 st
941 1394 1007 1453 ideo
1030 1396 1120 1470 potus

103 1484 136 1541 in
167 1482 209 1541 eis
237 1481 275 1540 ad
302 1482 468 1558 perfectum
498 1483 587 1558 coqui
614 1502 672 1541 non
699 1482 822 1557 poterit3
856 1485 886 1542 et
909 1486 1066 1558 antequam
1088 1483 1120 1541 in

105 1572 149 1631 eis
172 1574 332 1648 coquatur,
365 1574 401 1630 ut
427 1571 529 1648 tepide
560 1590 638 1647 aqua
669 1571 777 1646 effluit,
808 1573 893 1632 velut
920 1573 945 1631 si
973 1591 1051 1648 aqua
1082 1572 1119 1630 ed
1133 1582 1160 1625 15

104 1662 207 1738 ignem
234 1663 364 1737 ponatur
386 1664 417 1719 et
439 1679 508 1720 cum
533 1661 586 1719 illa
607 1661 781 1720 incalescere
803 1661 957 1737 inceperit,
983 1661 1128 1738 superius

103 1750 223 1823 effluat,
256 1752 414 1826 antequam
443 1751 569 1823 ferveat3
602 1750 679 1809 sicut
707 1750 796 1809 etiam
819 1751 850 1809 in
877 1750 1039 1810 infantibus
1066 1753 1119 1824 est,
1172 1752 1175 1761 “

105 1839 161 1916 qui
183 1839 303 1897 urinam
324 1839 451 1899 retinere
474 1857 533 1898 non
555 1843 687 1914 possunt,
716 1840 855 1914 quoniam
877 1858 930 1899 nec
952 1839 1120 1899 stomachus

101 1946 157 1987 nec
175 1928 271 1988 vesica
288 1946 390 1987 eorum
405 1928 570 2004 perfectum
585 1928 713 1987 calorem
727 1927 837 1988 habent
851 1929 902 1989 sed
915 1929 1120 2007 frigiditatem.

172 2017 218 2076 Dc
235 2017 380 2092 podagra.
426 2016 481 2076 Ille
503 2035 582 2093 vero,
607 2018 660 2093 qui
682 2018 785 2076 molles
808 2037 907 2077 carues
930 2022 960 2078 et
982 2018 1120 2078 delicatas
1133 2026 1161 2071 20

103 2107 136 2165 in
167 2124 292 2182 corpore
321 2125 375 2165 suo
405 2104 495 2164 habet
528 2109 558 2165 et
586 2107 638 2182 qui
666 2106 795 2166 diversos
822 2111 853 2167 et
880 2108 1019 2167 delicatos
1041 2106 1122 2167 cibos

102 2196 276 2271 frequenter
296 2195 433 2271 comedit,
456 2194 619 2272 podagram
641 2195 727 2254 facile
750 2197 884 2259 incurrit.
914 2193 989 2254 Nam
1012 2197 1037 2255 si
1054 2197 1121 2272 quis

103 2284 181 2343 dnos
217 2285 310 2343 bonos
339 2289 370 2343 et
396 2302 481 2343 sanos
518 2283 600 2343 cibos
632 2285 760 2344 comedit
791 2289 822 2345 et
852 2286 976 2344 tertium
1008 2285 1121 2343 malum

104 2377 137 2433 et
160 2372 321 2446 infirmum,
344 2374 392 2432 illi
414 2373 475 2432 duo
495 2372 563 2433 boni
583 2374 613 2432 et
627 2374 689 2432 sani
705 2374 763 2433 cibi
777 2374 856 2434 huno
871 2375 996 2434 tertium
1010 2374 1121 2432 malum

105 2467 138 2522 et
159 2462 313 2522 infirmum
343 2465 532 2539 exsuperant,
563 2466 600 2522 ut
626 2464 826 2523 comedentem
853 2463 1002 2522 hominem
1025 2463 1163 2521 minusne

105 2551 216 2611 laedat.
261 2550 294 2610 Si
316 2555 416 2611 autem
440 2552 587 2628 quispiam
608 2550 697 2611 homo
721 2553 796 2612 duos
818 2553 912 2611 malos
934 2556 964 2611 et
990 2552 1122 2610 infirmos

105 2640 189 2700 cibos
212 2640 340 2700 comedit
362 2646 392 2700 et
414 2641 515 2699 eodem
531 2644 666 2716 tempore
687 2642 810 2701 tertium
832 2643 945 2702 bonum
967 2643 997 2699 et
1018 2659 1123 2700 sanum

108 2729 219 2803 cibum,
242 2729 289 2788 illi
312 2730 371 2789 duo
393 2730 465 2788 mali
495 2732 525 2788 et
550 2729 660 2788 infirmi
682 2731 742 2790 cibi
763 2731 842 2791 hunc
864 2732 988 2790 tertium
1011 2730 1122 2790 bonum

106 2821 138 2878 et
160 2837 265 2878 sanum
288 2817 388 2878 cibum
409 2818 584 2895 opprimunt
609 2822 639 2877 et
666 2838 734 2878 eum
757 2821 794 2879 ad
816 2821 972 2879 sanitatem
994 2819 1122 2882 hominis

105 2927 175 2968 raro
199 2926 357 2985 exsurgere
380 2907 567 2984 permittunt.
604 2908 643 2967 Et
665 2927 749 2985 saepe
772 2910 919 2987 contingit
945 2909 1121 2984 hominibus,
1135 2919 1164 2964 30

104 2998 160 3073 qui
183 2997 307 3057 diversis
336 2996 408 3056 cibis
438 3000 580 3071 utuntur,
614 2998 695 3074 qnod
722 2999 790 3058 inde
817 3000 903 3059 facile
925 2999 1122 3063 infirmantur.

105 3085 184 3147 (inm
207 3104 278 3163 ergo
300 3086 360 3160 illi,
388 3085 441 3162 qui
463 3086 568 3145 molles
592 3089 622 3145 et
644 3087 784 3148 delicatas
812 3107 912 3149 carnes
940 3089 971 3147 in
999 3107 1121 3164 corpore

102 3174 230 3247 habent,
263 3174 385 3235 diversis
412 3178 443 3235 et
470 3174 603 3235 delicatis
630 3177 703 3236 cibis
726 3179 960 3254 supramodum
981 3182 1119 3254 utuntur,

101 3265 175 3325 mali
207 3264 346 3324 humores
369 3262 665 3340 superhabundanter
691 3266 721 3324 in
752 3268 792 3327 eis
820 3267 966 3326 inundant
990 3270 1019 3326 et
1042 3285 1117 3326 cres·

102 3357 184 3430 cunt,
207 3354 252 3413 ita
273 3354 356 3430 quod
378 3352 521 3413 contineri
540 3371 599 3412 non
613 3359 746 3432 possunt,
770 3357 843 3432 quin
865 3356 921 3416 hac
944 3360 974 3415 et
996 3356 1065 3414 illac
1088 3357 1118 3425 in
1132 3365 1160 3411 35

101 3443 274 3504 hominibus
296 3443 357 3503 illis
379 3441 544 3502 inordinate
565 3443 661 3502 fluant
683 3448 714 3504 et
736 3445 778 3505 sic
793 3446 912 3505 tandem
927 3445 964 3504 sd
978 3445 1120 3504 inferiora

102 3531 287 3594 descendunt
314 3536 345 3591 et
371 3532 401 3591 in
428 3529 564 3593 cruribus
592 3552 627 3595 ac
653 3533 686 3595 in
713 3533 845 3614 pedibus
873 3554 983 3597 eorum
999 3533 1143 3593 'insanire
