2460 3862
332 137 473 194 crosna
492 137 539 192 rr
557 135 680 194 cumn
698 117 765 191 nm
783 137 818 190 11.
1018 139 1081 199 115

64 329 104 384 ut
127 324 312 401 praedictum
336 325 390 399 est,
414 323 439 381 si
462 326 562 381 autem
585 339 674 380 sanus
690 339 812 398 conpore
832 324 884 394 est,
906 321 1085 380 sufficienter

63 414 102 473 de
135 413 203 473 vino
235 415 289 471 aut
321 412 357 471 de
388 412 527 473 cerevisia
556 414 610 469 aut
639 409 676 468 de
710 430 788 488 aqua
815 430 884 471 cum
905 430 981 488 pane
1004 413 1087 470 cocta

64 505 186 562 ieiunus
208 501 301 577 hibat,
326 505 357 560 et
378 504 468 578 gutta
489 501 521 558 in
544 519 578 559 eo
602 499 743 575 quiescet.
1122 506 1127 517 ’

136 593 184 652 Dc
199 592 362 652 cotidiana.
401 589 460 660 uui
483 592 584 648 autem
599 588 761 648 cotidianas
776 589 873 649 febres
888 589 986 661 habet,
1010 608 1086 667 quae

67 681 194 741 diversis
217 681 290 740 cibis
312 683 483 750 nascuntur,
507 679 624 738 ieiunus
646 679 721 737 nihil
744 678 836 752 hibat,
860 680 940 754 quod
960 679 1114 739 interius5

66 771 164 830 siccus
187 771 245 842 est,
269 769 409 845 quoniam
432 768 457 828 si
483 768 601 826 ieiunus
628 767 757 845 biberet,
785 771 875 843 potus
900 767 951 827 ille
978 787 1086 844 corpus

67 859 135 919 eius
165 859 361 935 pertransiret
396 862 426 916 et
456 877 524 917 eum
556 857 652 934 magis
680 858 832 917 infirmum
864 877 955 934 quam
982 877 1087 916 sanum

67 948 213 1008 redderet.
258 946 315 1007 Sed
344 947 428 1022 prius
463 946 605 1021 comedat,
639 949 675 1006 nt
708 965 799 1006 venae
832 945 896 1006 eius
930 946 966 1006 de
1000 965 1087 1006 succo

67 1037 204 1098 ciborum
226 1037 310 1113 prius
333 1035 504 1111 excipiendo
536 1036 749 1107 fommtentur,
782 1039 812 1094 et
842 1037 884 1095 sic
913 1039 1020 1112 potum
1051 1035 1088 1094 de

67 1128 139 1188 sino
163 1129 269 1202 sumat,
292 1128 323 1184 et
345 1144 414 1184 eum
436 1144 495 1185 non
516 1123 618 1189 laedit.
655 1125 742 1197 Quod
757 1125 901 1186 sisinum
915 1145 974 1185 non
989 1124 1087 1199 habet,
1101 1132 1129 1178 15

69 1215 244 1276 cerevisiam
265 1215 363 1290 bibat,
383 1217 414 1273 et
439 1215 465 1274 si
491 1213 545 1272 ills
567 1218 659 1287 caret,
684 1214 839 1274 medonem
864 1217 971 1290 sumat,
993 1215 1042 1276 vel
1064 1213 1089 1272 si

67 1306 152 1365 illam
176 1323 235 1364 non
261 1303 364 1379 hebet,
395 1322 504 1379 aquam
536 1307 646 1379 coquat
673 1307 703 1363 et
731 1322 796 1363 eam
826 1303 995 1381 infrigidari
1022 1322 1087 1379 per·

68 1395 174 1456 mittat
195 1395 226 1452 et
247 1394 289 1453 sic
311 1391 403 1457 bibat.

137 1483 182 1544 Dc
204 1484 337 1543 artium
359 1487 386 1542 et
407 1486 568 1555 quaram.
614 1482 672 1554 Qui
700 1483 844 1541 tertianas
873 1485 904 1542 et
932 1485 1090 1559 quartanas
1209 1477 1211 1481 ’

67 1574 167 1633 febres
178 1571 275 1645 hebet,
297 1572 416 1631 ieiunus
438 1591 497 1631 non
519 1570 605 1630 bibat
627 1572 684 1631 nisi
707 1591 763 1647 pro
786 1591 895 1648 magna
909 1571 1089 1645 necessitate,
1104 1576 1132 1622 ὓ)

68 1664 95 1722 si
119 1681 189 1721 eum
212 1660 339 1720 maxima
353 1661 419 1720 sitis
435 1660 641 1737 apprehendit,
666 1664 697 1719 et
711 1663 784 1720 tunc
799 1660 950 1721 modicum
965 1660 1092 1736 frigidae

69 1770 165 1828 aquae
187 1751 305 1809 ieiunus
327 1749 420 1813 bibat.
465 1749 522 1809 Sed
546 1768 614 1809 cum
637 1751 777 1826 prandet,
807 1750 910 1810 vinnm
934 1749 1030 1824 hibat,
1063 1752 1093 1808 et

68 1842 127 1900 hoc
149 1838 298 1900 salubrius
321 1842 366 1898 est
388 1838 416 1898 ei
439 1858 529 1916 qnam
544 1860 652 1915 aquam
667 1838 768 1912 bihat3
791 1840 903 1898 sivero
918 1840 987 1900 vino
1004 1841 1094 1913 caret,

70 1930 244 1990 cerevisiam
267 1927 303 1987 de
325 1928 415 1988 ordeo
437 1927 547 1988 iactam
570 1929 654 1989 bibat
676 1929 724 1988 vel
748 1929 774 1988 si
795 1928 850 1987 illa
872 1931 960 2000 caret,
990 1927 1093 1987 medo·

69 2039 138 2079 nem
168 2020 275 2089 sumat,
307 2018 355 2077 vel
385 2018 411 2076 si
442 2017 530 2078 illum
562 2017 742 2093 nonhabet,
776 2037 884 2094 aquam
919 2021 1031 2078 coctum
1064 2019 1094 2075 et
1107 2021 1135 2066 25
1170 2032 1178 2043 ·

71 2108 279 2184 infrigidatam
306 2106 400 2167 bibat.
451 2107 491 2166 Et
517 2108 619 2167 nullus
646 2107 735 2167 homo
766 2107 885 2167 ieiunus
912 2107 1008 2182 hibat,
1036 2105 1093 2164 nisi

71 2217 127 2275 per
150 2195 338 2256 infirmitates
360 2197 567 2272 compellatur,
598 2200 635 2256 ut
657 2196 776 2255 ieiunus
798 2196 896 2269 bibat;
920 2198 950 2255 et
971 2198 1044 2254 tunc
1066 2194 1094 2253 ei

72 2284 224 2347 salubrius
246 2288 299 2362 est,
322 2288 358 2344 ut
380 2284 484 2345 vinum
506 2286 590 2346 bibat
613 2305 703 2362 quam
727 2305 846 2361 aquam.
884 2284 971 2356 Quod
995 2285 1020 2344 si
1044 2284 1093 2341 ali·

73 2377 143 2453 qnis
167 2374 278 2450 absque
308 2375 479 2435 necessitate
501 2376 605 2437 vinum
635 2375 754 2434 ieiunus
787 2373 872 2450 bibit,
905 2392 1028 2434 avarum
1062 2372 1094 2429 in

72 2464 240 2542 cupiditate
262 2482 396 2524 escarum
418 2466 450 2523 et
475 2468 605 2541 potuum
632 2483 701 2524 eum
733 2464 806 2523 facit
833 2467 864 2522 et
891 2466 1037 2522 amentem
1065 2463 1095 2519 et
1108 2467 1136 2511 ᾖ

72 2555 202 2616 stultum
224 2553 256 2612 in
278 2553 409 2614 sensibus
431 2555 502 2614 suis.

143 2644 191 2702 De
220 2644 393 2704 comestione
421 2648 448 2703 et
478 2644 549 2705 cibe.
604 2641 680 2703 (ium
716 2643 816 2700 antem
851 2640 939 2701 homo
976 2640 1095 2699 ieiunus

80 2735 184 2808 (est),
207 2731 320 2806 cibum,
353 2732 407 2808 qui
435 2733 471 2792 de
503 2732 643 2809 frugibus
676 2733 720 2790 eet
751 2733 781 2790 et
808 2729 844 2789 de
866 2730 963 2788 farina
990 2729 1095 2802 factus,

73 2821 208 2897 primum
231 2820 373 2892 comedat,
397 2822 539 2898 quoniam
561 2822 656 2881 siccus
684 2819 767 2879 cibus
796 2822 840 2878 est
862 2823 892 2878 et
914 2839 1014 2878 sanam
1037 2818 1096 2877 for·

73 2909 237 2970 titudinem
259 2910 372 2969 homini
394 2911 518 2985 tribuit3
541 2914 572 2969 et
587 2910 717 2969 calidum
733 2909 833 2968 cibum
848 2909 988 2985 primitus
1004 2926 1095 2967 come·
1109 2913 1139 2958 3⁰

75 3000 136 3076 dat,
160 3003 197 3058 ut
218 2999 386 3060 stomachus
409 3001 473 3060 eius
494 3000 661 3075 incalescat,
684 3003 716 3058 et
736 3018 796 3058 non
817 2998 964 3076 frigidum
987 2997 1096 3072 cibum,

76 3088 160 3166 qnod
183 3089 208 3149 si
231 3087 373 3165 primitus
388 3088 535 3167 frigidum
550 3089 652 3149 cibum
672 3087 807 3163 comedit,
831 3086 1017 3147 stomachum
1033 3086 1096 3144 eius

75 3179 120 3238 ite
142 3177 290 3254 frigidum
311 3177 394 3254 facit,
418 3179 498 3255 quod
520 3183 623 3255 postea
645 3177 696 3236 vix
718 3196 772 3253 per
802 3177 912 3236 calidos
944 3176 1025 3236 cibos
1054 3173 1097 3231 in·

76 3269 220 3328 calescere
254 3267 341 3328 valet.
405 3267 461 3327 Sed
497 3267 626 3327 calidum
657 3266 758 3326 cibum
789 3266 921 3343 primum
954 3261 1096 3332 comedat,

77 3375 175 3434 usqne
198 3356 270 3415 dnm
292 3357 461 3417 stomachus
484 3358 547 3417 eius
570 3357 643 3416 bene
666 3356 832 3418 incalescat.
877 3355 917 3414 Et
945 3354 970 3414 si
992 3350 1097 3412 deinde
1110 3357 1139 3403 35

76 3446 224 3526 frigidum
246 3445 346 3507 cibum
369 3444 511 3518 comedat,
534 3446 623 3521 calor,
651 3445 703 3521 qui
724 3443 910 3504 stomachum
938 3443 1002 3503 eius
1030 3459 1096 3517 per·

77 3536 223 3609 transivit,
258 3535 438 3612 subsequens
471 3535 569 3614 frigus
602 3535 634 3595 in
667 3533 735 3596 cibo
764 3537 904 3614 supersit.
941 3533 992 3592 ht
1012 3530 1120 3589 amma
1223 3612 1225 3619 Ι

982 3633 1021 3688 t*
1221 3622 1225 3643 ⁴
